% This file was created with JabRef 2.5.
% Encoding: Cp1252


@STRING{ECCV = {ECCV}}

@STRING{ICCV = {ICCV}}

@STRING{ICIP = {ICIP}}

@STRING{CVPR = {CVPR}}

@STRING{ISVC = {ISVC}}


@STRING{PAMI = {IEEE Trans. Patt. Anal. and Mach. Intel.}}

@article{Wu20111968,
title = "SharpMean: Groupwise registration guided by sharp mean image and tree-based registration",
journal = "NeuroImage",
volume = "56",
number = "4",
pages = "1968 - 1981",
year = "2011",
note = "",
issn = "1053-8119",
doi = "DOI: 10.1016/j.neuroimage.2011.03.050",
url = "http://www.sciencedirect.com/science/article/pii/S1053811911003284",
author = "Guorong Wu and Hongjun Jia and Qian Wang and Dinggang Shen",
keywords = "Groupwise registration",
keywords = "Sharp mean",
keywords = "Tree-based registration"
}



@conference{sykora2009rigid,
  title={{As-rigid-as-possible image registration for hand-drawn cartoon animations}},
  author={S{\`y}kora, D. and Dingliana, J. and Collins, S.},
  booktitle={International Symposium on Non-Photorealistic Animation and Rendering},
  pages={25--33},
  year={2009},
  organization={ACM}
}


@article{chen2010object,
  title={{Object-constrained meshless deformable algorithm for high speed 3D nonrigid registration between CT and CBCT}},
  author={Chen, T. and Kim, S. and Goyal, S. and Jabbour, S. and Zhou, J. and Rajagopal, G. and Haffty, B. and Yue, N.},
  journal={Medical physics},
  volume={37},
  pages={197},
  year={2010}
}

@article{ho2005point,
  title={{Point-based geometric deformable models for medical image segmentation}},
  author={Ho, H.P. and Chen, Y. and Liu, H. and Shi, P.},
  journal={Medical Image Computing and Computer-Assisted Intervention--MICCAI 2005},
  pages={278--285},
  year={2005},
  publisher={Springer}
}

@article{walder2009markerless,
  title={{Markerless 3{D} face tracking}},
  author={Walder, C. and Breidt, M. and B{\"u}lthoff, H. and Sch{\"o}lkopf, B. and Curio, C.},
  journal={Pattern Recognition},
  pages={41--50},
  year={2009},
  publisher={Springer}
}

@article{LiuRibeiroSurvey2011,
	title = "A survey on image-based continuum-body motion estimation",
	journal = "Image and Vision Computing",
	volume = "In Press, Accepted Manuscript",
	number = "",
	pages = " - ",
	year = "2011",
	note = "",
	issn = "0262-8856",
	doi = "DOI: 10.1016/j.imavis.2011.03.003",
	url = "http://www.sciencedirect.com/science/article/B6V09-52HS5WH-1/2/f642ab5b47702c4ce87e544df0bf2a9e",
	author = "Wei Liu and Eraldo Ribeiro",
	keywords = "nonrigid image registration",
	keywords = "continuum motion",
	keywords = "meshless registration methods"
}


@inproceedings{lee20083d,
  title={{3D non-rigid registration for MPU implicit surfaces}},
  author={Lee, T.Y. and Lai, S.H.},
  booktitle={CVPR Workshops},
  pages={1--8},
  year={2008},
  organization={IEEE}
}


@article{tsechpenakis2008novel,
  title={{A novel computational approach for simultaneous tracking and feature extraction of C. elegans populations in fluid environments}},
  author={Tsechpenakis, G. and Bianchi, L. and Metaxas, D.N. and Driscoll, M.},
  journal={IEEE Transactions on Biomedical Engineering},
  volume={55},
  number={5},
  pages={1539--1549},
  issn={0018-9294},
  year={2008},
  publisher={IEEE}
}

@phdthesis{parra2009rigid,
 author={Parra, N.A.},
 title = {Rigid and non-rigid point-based medical image registration},
 year = {2009},
 order_no = {AAI3106834},
 school = {Florida International University}
 }
 
@inproceedings{huseiny_2010,
 author = {Al-Huseiny, Muayed S. and Mahmoodi, Sasan and Nixon, Mark S.},
 title = {Robust rigid shape registration method using a level set formulation},
 booktitle = ISVC,
 year = {2010},
 location = {Las Vegas, NV, USA},
 pages = {252--261},
 numpages = {10},
 publisher = {Springer-Verlag},
 address = {Berlin, Heidelberg}
} 

@article{put2009contour,
  title={{Contour propagation in MRI-guided radiotherapy treatment of cervical cancer: the accuracy of rigid, non-rigid and semi-automatic registrations}},
  author={Put, R.W. and Kerkhof, E.M. and Raaymakers, B.W. and J{\"u}rgenliemk-Schulz, IM and Lagendijk, JJW},
  journal={Physics in medicine and biology},
  volume={54},
  pages={7135},
  year={2009},
  publisher={IOP Publishing}
}

@inproceedings{zhang_2004,
 author = {Zhang, Jiayong and Collins, Robert and Liu, Yanxi},
 title = {Representation and matching of articulated shapes},
 booktitle = CVPR,
 year = {2004},
 location = {Washington, D.C., USA},
 pages = {342--349},
 numpages = {8},
 url = {http://portal.acm.org/citation.cfm?id=1896300.1896350},
 acmid = {1896350},
 publisher = {IEEE Computer Society},
 address = {Washington, DC, USA},
} 

@inproceedings{bai2009active,
  title={{Active skeleton for non-rigid object detection}},
  author={Bai, X. and Wang, X. and Latecki, L.J. and Liu, W. and Tu, Z.},
  booktitle=ICCV,
  pages={575--582},
  issn={1550-5499},
  year={2009},
  organization={IEEE}
}

@conference{ommer2009multi,
  title={{Multi-scale object detection by clustering lines}},
  author={Ommer, B. and Malik, J.},
  booktitle={Computer Vision, 2009 IEEE 12th International Conference on},
  pages={484--491},
  issn={1550-5499},
  year={2009},
  organization={IEEE}
}

@article {ferrari_2010,
   author = {Ferrari, Vittorio and Jurie, Frederic and Schmid, Cordelia},
   affiliation = {ETH Zurich Zurich Switzerland},
   title = {From Images to Shape Models for Object Detection},
   journal = {International Journal of Computer Vision},
   publisher = {Springer Netherlands},
   issn = {0920-5691},
   keyword = {Computer Science},
   pages = {284--303},
   volume = {87},
   issue = {3},
   year = {2010}
}

@article{opelt2006boundary,
  title={{A boundary-fragment-model for object detection}},
  author={Opelt, A. and Pinz, A. and Zisserman, A.},
  journal={Computer Vision--ECCV 2006},
  pages={575--588},
  year={2006},
  publisher={Springer}
}

@article{shotton2008,
 author = {Shotton, Jamie and Blake, Andrew and Cipolla, Roberto},
 title = {Multiscale Categorical Object Recognition Using Contour Fragments},
 journal = {IEEE Trans. Pattern Anal. Mach. Intell.},
 volume = {30},
 issue = {7},
 month = {July},
 year = {2008},
 issn = {0162-8828},
 pages = {1270--1281},
 numpages = {12},
 url = {http://portal.acm.org/citation.cfm?id=1383053.1383268},
 doi = {10.1109/TPAMI.2007.70772},
 acmid = {1383268},
 publisher = {IEEE Computer Society},
 address = {Washington, DC, USA},
 keywords = {Edge and feature detection, Feature representation, Size and shape, Object recognition, Computer vision, Machine learning},
} 


@inproceedings{gavrila_eccv2000,
   author = {Gavrila, D.},
   title = {Pedestrian Detection from a Moving Vehicle},
   booktitle = {Computer Vision — ECCV 2000},
   isbn = {},
   pages = {37-49},
   volume = {1843},
   year = {2000}
}


@inproceedings{Nagai_sgp2009,
 author = {Nagai, Yukie and Ohtake, Yutaka and Suzuki, Hiromasa},
 title = {Smoothing of partition of unity implicit surfaces for noise robust surface reconstruction},
 booktitle = {Proceedings of the Symposium on Geometry Processing},
 series = {SGP '09},
 year = {2009},
 location = {Berlin, Germany},
 pages = {1339--1348},
 numpages = {10},
 url = {http://portal.acm.org/citation.cfm?id=1735603.1735615},
 acmid = {1735615},
 publisher = {Eurographics Association},
 address = {Aire-la-Ville, Switzerland, Switzerland},
} 

@article{Chui2003114,
title = "A new point matching algorithm for non-rigid registration",
journal = "Computer Vision and Image Understanding",
volume = "89",
number = "2-3",
pages = "114--141",
year = "2003",
issn = "1077-3142",
doi = "DOI: 10.1016/S1077-3142(03)00009-2",
author = "Haili Chui and Anand Rangarajan"
}

@article{paragios2000geodesic,
  title={{Geodesic active contours and level sets for the detection and tracking of moving objects}},
  author={Paragios, N. and Deriche, R.},
  journal={IEEE Transactions on Pattern Analysis and Machine Intelligence},
  volume={22},
  number={3},
  pages={266--280},
  issn={0162-8828},
  year={2000},
  publisher={IEEE}
}

@article{paragios2003level,
  title={{A level set approach for shape-driven segmentation and tracking of the left ventricle}},
  author={Paragios, N.},
  journal={IEEE Transactions on Medical Imaging},
  volume={22},
  number={6},
  pages={773--776},
  issn={0278-0062},
  year={2003},
  publisher={IEEE}
}

@article{Li_TIP08,
 author       = {C. Li and C. Xu and C. Gui and M. D. Fox},
  title       = {Distance Regularized Level Set Evolution and its Application to Image Segmentation},
  journal     = {IEEE Trans. Image. Process.},
  volume      = {19},
  number      = {12},
  pages       = {3243--3254},
  month       = {December},
  year        = {2010},
}

@INPROCEEDINGS{jianke_zhu_2009, 
author={Jianke Zhu and Hoi, S.C.H. and Lyu, M.R.}, 
booktitle={IEEE Conference on Computer Vision and Pattern Recognition}, 
title={Nonrigid shape recovery by Gaussian process regression}, 
year={2009}, 
month=june, 
volume={}, 
number={}, 
pages={1319 -1326}, 
}

@inproceedings{WeiRibeiroMeshlessISVC2010,
  author    = {Wei Liu and Eraldo Ribeiro},
  title     = {A Novel Consistency Regularizer for Meshless Nonrigid Image Registration},
  booktitle = {ISVC 2010},
  year      = {2010},
}

@inproceedings{WeiRibeiroShapeISVC2010,
  author    = {Wei Liu and Eraldo Ribeiro},
  title     = {A Meshless Method for Variational Nonrigid 2-D Shape Registration},
  booktitle = {ISVC 2010},
  year      = {2010},
}

@inproceedings {rueckert_diffeomorphic_2006,
   author = {Rueckert, Daniel and Aljabar, Paul and Heckemann, Rolf and Hajnal, Joseph and Hammers, Alexander},
   affiliation = {Department of Computing, Imperial College London UK UK},
   title = {Diffeomorphic Registration Using B-Splines},
   booktitle = {Medical Image Computing and Computer-Assisted Intervention},
   publisher = {Springer},
   isbn = {},
   pages = {702-709},
   volume = {4191},
   year = {2006}
}


@ARTICLE{chenyang_xu, 
author={Chenyang Xu and Prince, J.L.}, 
journal={IEEE Transactions on Image Processing}, 
title={Snakes, shapes, and gradient vector flow}, 
year={1998}, 
month=mar, 
volume={7}, 
number={3}, 
pages={359 -369}, 
ISSN={1057-7149}
}

@book{sapiro2001geometric,
  title={{Geometric partial differential equations and image analysis}},
  author={Sapiro, G.},
  isbn={0521790751},
  year={2001},
  publisher={Cambridge Univ Pr}
}

@article{tang2002characterization,
  title={{Characterization of Dirac-structure edges with wavelet transform}},
  author={Tang, Y.Y. and Yang, L. and Liu, J.},
  journal={Systems, Man, and Cybernetics, Part B: Cybernetics, IEEE Transactions on},
  volume={30},
  number={1},
  pages={93--109},
  issn={1083-4419},
  year={2002},
  publisher={IEEE}
}


@article{felzenszwalb2004distance,
  title={{Distance transforms of sampled functions}},
  author={Felzenszwalb, P.F. and Huttenlocher, D.P.},
  journal={Cornell Computing and Information Science Technical Report TR2004-1963},
  year={2004},
  publisher={Citeseer}
}


@conference{liu2010fast,
  title={{Fast directional chamfer matching}},
  author={Liu, M.Y. and Tuzel, O. and Veeraraghavan, A. and Chellappa, R.},
  booktitle=CVPR,
  pages={1696--1703},
  issn={1063-6919},
  year={2010},
  organization={IEEE}
}

@article{sonka1999image,
  title={{Image processing, analysis, and machine vision second edition}},
  author={Sonka, M. and Hlavac, V. and Boyle, R.},
  journal={International Thomson},
  year={1999}
}

@book{gel1964generalized,
  title={{Generalized functions}},
  author={Gel'fand, I.M. and Shilov, G.E. and Saletan, E.},
  volume={1},
  year={1964},
  publisher={Academic Press New York}
}


@inproceedings{chen_hui_2006,
 author = {Chen, Hui and Bhanu, Bir},
 title = {Global-to-Local Non-Rigid Shape Registration},
 booktitle = {ICPR},
 year = {2006},
 isbn = {0-7695-2521-0},
 pages = {57--60},
 doi = {http://dx.doi.org/10.1109/ICPR.2006.609},
 publisher = {IEEE Computer Society},
 address = {Washington, DC, USA},
 }

@article{taron2009registration,
  title={{Registration with uncertainties and statistical modeling of shapes with variable metric kernels}},
  author={Taron, M. and Paragios, N. and Jolly, M.P. and de Paris, {\'E}.C. and CERTIS, F.},
  journal_long={IEEE transactions on pattern analysis and machine intelligence},
  journal={IEEE Trans. on patt. anal. and mach. intell.},
  volume={31},
  number={1},
  pages={99--113},
  year={2009}
}


@inproceedings{arsigny2005fast,
  title={{Fast and simple calculus on tensors in the Log-Euclidean framework}},
  author={Arsigny, V. and Fillard, P. and Pennec, X. and Ayache, N.},
  booktitle_long={Medical Image Computing and Computer-Assisted Intervention--MICCAI 2005},
  booktitle ={MICCAI},
  pages={115--122},
  year={2005},
  publisher={Springer}
}


@article{eilers1996flexible,
  title={{Flexible smoothing with B-splines and penalties}},
  author={Eilers, P.H.C. and Marx, B.D.},
  journal={Statistical Science},
  volume={11},
  number={2},
  pages={89--102},
  year={1996},
  publisher={JSTOR}
}


@article{baraniuk2008approximation,
  title={{Approximation and compression of scattered data by meshless multiscale decompositions}},
  author={Baraniuk, R. and Cohen, A. and Wagner, R.},
  journal={Applied and Computational Harmonic Analysis},
  volume={25},
  number={2},
  pages={133--147},
  year={2008},
  publisher={Elsevier}
}



@article{rousson2008prior,
  title={{Prior knowledge, level set representations \& visual grouping}},
  author={Rousson, M. and Paragios, N.},
  journal_long={International Journal of Computer Vision},
  journal = {Int. J. Comput. Vision},
  volume={76},
  number={3},
  pages={231--243},
  year={2008},
  publisher={Springer}
}


@article{cootes1995active,
  title={{Active shape models-their training and application}},
  author={Cootes, T.F. and Taylor, C.J. and Cooper, D.H. and Graham, J. and others},
  journal={Computer vision and image understanding},
  volume={61},
  number={1},
  pages={38--59},
  year={1995},
  publisher={San Diego: Academic Press, c1995-}
}


@article{Sharvit:etal:JVIS:1998,
  author = {Daniel Sharvit and Jacky Chan and H\"useyin Tek and Benjamin B. Kimia},
  title = {Symmetry-based Indexing of Image Databases},
  journal_long = {Journal of Visual Communication and Image Representation},
  journal = {J. of Vis. Comm. and Image Repres.},
  volume = {9},
  number = {4},
  pages = {366--380},
  month = {December},
  year = {1998},
}
  
 @article{ohtake2003multi,
 author = {Ohtake, Yutaka and Belyaev, Alexander and Alexa, Marc and Turk, Greg and Seidel, Hans-Peter},
 title = {Multi-level partition of unity implicits},
 journal = {ACM Trans. Graph.},
 volume = {22},
 number = {3},
 year = {2003},
 issn = {0730-0301},
 pages = {463--470},
 publisher = {ACM},
 address = {New York, NY, USA},
 }


@conference{ohtake2005multi,
  title={{Multi-level partition of unity implicits}},
  author={Ohtake, Y. and Belyaev, A. and Alexa, M. and Turk, G. and Seidel, H.P.},
  booktitle={ACM SIGGRAPH 2005 Courses},
  pages={173},
  year={2005},
  organization={ACM}
}

@book{bonnans2006numerical,
  title={{Numerical optimization: theoretical and practical aspects}},
  author={Bonnans, J.F. and Lemar{\'e}chal, C.},
  year={2006},
  publisher={Springer-Verlag New York Inc}
}

@article{Melenk1996289,
title = "The partition of unity finite element method: Basic theory and applications",
journal = "Computer Methods in Applied Mechanics and Engineering",
volume = "139",
number = "1-4",
pages = "289 - 314",
year = "1996",
note = "",
issn = "0045-7825",
doi = "DOI: 10.1016/S0045-7825(96)01087-0",
url = "http://www.sciencedirect.com/science/article/B6V29-41FDG4T-B/2/92a8c6d6be84763cdc09062dd2d530b2",
author = "J. M. Melenk and I. Babuska"
}


@inproceedings{fahmi2007global,
  title={{A Global-to-Local 2D Shape Registration in Implicit Spaces using Level Sets}},
  author={Fahmi, R. and Farag, A.A.},
  booktitle={Image Processing, 2007. ICIP 2007. IEEE International Conference on},
  volume={6},
  issn={1522-4880},
  year={2007},
  organization={IEEE}
}

@article{borgefors1988hierarchical,
  title={{Hierarchical chamfer matching: A parametric edge matching algorithm}},
  author={Borgefors, G.},
  journal_long={IEEE Transactions on pattern analysis and machine intelligence},
  journal={IEEE Trans. on Patt. Anal. and Mach. Intell.},
  volume={10},
  number={6},
  pages={849--865},
  year={1988}
}

@article{huang2006shape,
  title={{Shape registration in implicit spaces using information theory and free form deformations}},
  author={Huang, X. and Paragios, N. and Metaxas, D.N.},
  journal_long={IEEE Transactions on Pattern Analysis and Machine Intelligence},
  journal={IEEE Trans. on Patt. Anal. and Mach. Intell.},
  volume={28},
  number={8},
  pages={1303},
  year={2006},
  publisher={IEEE INSTITUTE OF ELECTRICAL AND ELECTRONICS}
}


@conference{el2007shape,
  title={{Shape representation and registration using vector distance functions}},
  author={El Munim, H.A. and Farag, A.A.},
  booktitle=CVPR,
  pages={1--8},
  year={2007}
}


@article{paragios2003non,
  title={{Non-rigid registration using distance functions}},
  author={Paragios, N. and Rousson, M. and Ramesh, V.},
  journal_long={Computer Vision and Image Understanding},
  journal={Comp. Vision and Image Underst.},
  volume={89},
  number={2-3},
  pages={142--165},
  year={2003},
  publisher={Elsevier}
}


@conference{kharbat2008robust,
  title={{Robust brightness description for computing optical flow}},
  author={Kharbat, M. and Aouf, N. and Tsourdos, A. and White, B.},
  booktitle={Proceedings of the British Machine Vision Conference BMVC'08},
  pages={10},
  year={2008}
}

@article{shen2002hammer,
  title={{HAMMER: hierarchical attribute matching mechanism for elastic registration}},
  author={Shen, D. and Davatzikos, C.},
  journal={IEEE Transactions on Medical Imaging},
  volume={21},
  number={11},
  pages={1421--1439},
  year={2002}
}


@article{anonymous_icpr_2010,
 author = {anonymous},
 title = {Image registration based on moments.},
 journal = {ICPR},
 year = {2010},
 }
 
@article{domokos_pr_2010,
 author = {Domokos, Csaba and Kato, Zoltan},
 title = {Parametric estimation of affine deformations of planar shapes},
 journal = {Pattern Recogn.},
 volume = {43},
 number = {3},
 year = {2010},
 issn = {0031-3203},
 pages = {569--578},
 doi = {http://dx.doi.org/10.1016/j.patcog.2009.08.013},
 publisher = {Elsevier Science Inc.},
 address = {New York, NY, USA},
 }


@conference{kharbat2008robust,
  title={{Robust brightness description for computing optical flow}},
  author={Kharbat, M. and Aouf, N. and Tsourdos, A. and White, B.},
  booktitle={Proceedings of the British Machine Vision Conference BMVC'08},
  pages={10},
  year={2008}
}

@article{prokop1992survey,
  title={{A survey of moment-based techniques for unoccluded object representation and recognition}},
  author={Prokop, R.J. and Reeves, A.P.},
  journal={CVGIP: Graphical Models and Image Processing},
  volume={54},
  number={5},
  pages={438--460},
  year={1992},
  publisher={Elsevier}
}


@article{telea-variational,
  title={{A variational approach to joint denoising, edge detection and motion estimation}},
  author={Telea, A. and Preusser, T. and Garbe, C. and Droske, M. and Rumpf, M.},
  journal={Pattern Recognition},
  pages={525--535},
  publisher={Springer}
}


@conference{dzyubachyk2009energy,
  title={{Energy minimization methods for cell motion correction and intracellular analysis in live-cell fluorescence microscopy}},
  author={Dzyubachyk, O. and Van Cappellen, W.A. and Essers, J. and Niessen, W. and Meijering, E.},
  booktitle={Proceedings of the Sixth IEEE international conference on Symposium on Biomedical Imaging: From Nano to Macro},
  pages={1127--1130},
  year={2009},
  organization={IEEE Press}
}


@article{pilet2008fast,
  title={{Fast non-rigid surface detection, registration and realistic augmentation}},
  author={Pilet, J. and Lepetit, V. and Fua, P.},
  journal={International Journal of Computer Vision},
  volume={76},
  number={2},
  pages={109--122},
  year={2008},
  publisher={Springer}
}


@phdthesis{duanye_2003,
 author = {Duan, Ye},
 note = {Adviser-Qin, Hong},
 title = {Topology adaptive deformable models for visual computing},
 year = {2003},
 order_no = {AAI3106834},
 publisher = {State University of New York at Stony Brook},
 address = {Stony Brook, NY, USA},
 }

@article{horaud2009topology,
  title={{Topology-Adaptive Mesh Deformation for Surface Evolution, Morphing, and Multi-View Reconstruction}},
  author={Horaud, A.Z.E.B.R.},
  year={2009}
}


@conference{wojtan2009deforming,
  title={{Deforming meshes that split and merge}},
  author={Wojtan, C. and Th{\\"u}rey, N. and Gross, M. and Turk, G.},
  booktitle={ACM SIGGRAPH 2009 papers},
  pages={76},
  year={2009},
  organization={ACM}
}


@article{chan2001active,
  title={{Active contours without edges}},
  author={Chan, T.F. and Vese, L.A.},
  journal={IEEE Transactions on image processing},
  volume={10},
  number={2},
  pages={266--277},
  year={2001},
  publisher={Citeseer}
}



@article{li2009lennard,
  title={{Lennard-Jones force field for geometric active contour}},
  author={Li, Z. and Liu, Q. and Lu, H. and Metaxas, D.N.},
  journal={Signal Processing},
  year={2009},
  publisher={Elsevier}
}


@conference{szeliski1993modeling,
  title={{Modeling surfaces of arbitrary topology with dynamic particles}},
  author={Szeliski, R. and Tonnesen, D. and Terzopoulos, D.},
  booktitle={1993 IEEE Computer Society Conference on Computer Vision and Pattern Recognition, 1993. Proceedings CVPR'93.},
  pages={82--87},
  year={1993}
}


@article{danuser2006quantitative,
  title={{Quantitative fluorescent speckle microscopy of cytoskeleton dynamics}},
  author={Danuser, G. and Waterman-Storer, C.M.},
  year={2006},
  publisher={Annual Reviews}
}


@article{eils2003computational,
  title={{Computational imaging in cell biology}},
  author={Eils, R. and Athale, C.},
  journal={Journal of Cell Biology},
  volume={161},
  number={3},
  pages={477},
  year={2003},
  publisher={Rockefeller Univ Press}
}


@article{yilmaz2004contour,
  title={{Contour-based object tracking with occlusion handling in video acquired using mobile cameras}},
  author={Yilmaz, A. and Li, X. and Shah, M.},
  journal={IEEE Transactions on Pattern Analysis and Machine Intelligence},
  pages={1531--1536},
  year={2004},
  publisher={Published by the IEEE Computer Society}
}


@conference{cremers2008shape,
  title={{Shape priors in variational image segmentation: Convexity, lipschitz continuity and globally optimal solutions}},
  author={Cremers, D. and Schmidt, F.R. and Barthel, F.},
  booktitle={IEEE Conference on Computer Vision and Pattern Recognition, 2008. CVPR 2008},
  pages={1--6},
  year={2008}
}

@INPROCEEDINGS{leveton_2002, 
author={Leventon, M.E. and Grimson, W.E.L. and Faugeras, O.}, 
booktitle={Biomedical Imaging, 2002. 5th IEEE EMBS International Summer School on}, title={Statistical shape influence in geodesic active contours}, 
year={2002}, 
month=june, 
volume={}, 
number={}, 
pages={1--8}, 
}

@article{paragios2005geodesic,
  title={{Geodesic active regions and level set methods for motion estimation and tracking}},
  author={Paragios, N. and Deriche, R.},
  journal={Computer Vision and Image Understanding},
  volume={97},
  number={3},
  pages={259--282},
  year={2005},
  publisher={Elsevier}
}


@article{zhang2004spacetime,
  title={{Spacetime faces: high resolution capture for modeling and animation}},
  author={Zhang, L. and Snavely, N. and Curless, B. and Seitz, S.M.},
  journal={ACM Transactions on Graphics},
  volume={23},
  number={3},
  pages={546--556},
  year={2004},
  publisher={Springer}
}


@article{qian2004multiscale,
  title={{A multiscale projection method for the analysis of carbon nanotubes}},
  author={Qian, D. and Wagner, G.J. and Liu, W.K.},
  journal={Computer Methods in Applied Mechanics and Engineering},
  volume={193},
  number={17-20},
  pages={1603--1632},
  year={2004},
  publisher={Elsevier}
}


@article{anonymous2,
  title={{A higher-order model for fluid motion estimation}},
  journal={ECCV 2010 submission},
  }

@article{hill2001medical,
  title={{Medical image registration}},
  author={Hill, D.L.G. and Batchelor, P.G. and Holden, M. and Hawkes, D.J.},
  journal={Physics in medicine and biology},
  volume={46},
  pages={R1--R45},
  year={2001},
  publisher={Institute of Physics Publishing}
}


@article{li2008public,
  title={{A public turbulence database cluster and applications to study Lagrangian evolution of velocity increments in turbulence}},
  author={Li, Y. and Perlman, E. and Wan, M. and Yang, Y. and Meneveau, C. and Burns, R. and Chen, S. and Szalay, A. and Eyink, G.},
  journal={Journal of Turbulence},
  volume={9},
  number={31},
  pages={1--29},
  year={2008},
  publisher={Taylor \& Francis}
}


@book{petrila2005basics,
  title={{Basics of fluid mechanics and introduction to computational fluid dynamics}},
  author={Petrila, T. and Trif, D.},
  year={2005},
  publisher={Springer Verlag}
}


@article{alvarez2008variational,
  title={{Variational second order flow estimation for PIV sequences}},
  author={Alvarez, L. and Casta{\~n}o, C.A. and Garc{\'\i}a, M. and Krissian, K. and Mazorra, L. and Salgado, A. and S{\'a}nchez, J.},
  journal={Experiments in Fluids},
  volume={44},
  number={2},
  pages={291--304},
  year={2008},
  publisher={Springer}
}


@article{isambert2008multi,
  title={{A multi-scale vector spline method for estimating the fluids motion on satellite images}},
  author={Isambert, T. and Berroir, J.P. and Herlin, I.},
  BOOKTITLE = {ECCV},
  year={2008},
  publisher={Springer}
}


@ARTICLE{alexa_tvcg_2003,
  author = {Alexa, Marc and Behr, Johannes and Cohen-Or, Daniel and Fleishman,
	Shachar and Levin, David and T. Silva, Claudio},
  title = {Computing and Rendering Point Set Surfaces},
  journal = {IEEE Transactions on Visualization and Computer Graphics},
  year = {2003},
  volume = {9},
  pages = {3--15},
  number = {1},
  address = {Piscataway, NJ, USA},
  doi = {http://dx.doi.org/10.1109/TVCG.2003.1175093},
  issn = {1077-2626},
  publisher = {IEEE Educational Activities Department}
}

@ARTICLE{Andreopoulos2008335,
  author = {Alexander Andreopoulos and John K. Tsotsos},
  title = {Efficient and generalizable statistical models of shape and appearance
	for analysis of cardiac MRI},
  journal = {Medical Image Analysis},
  year = {2008},
  volume = {12},
  pages = {335 - 357},
  number = {3},
  doi = {DOI: 10.1016/j.media.2007.12.003},
  issn = {1361-8415},
  keywords = {Active appearance models},
  url = {http://www.sciencedirect.com/science/article/B6W6Y-4RJRVWW-2/2/3ae6ae7ddfeb51ac9a5f5ab6435204f9}
}


@INPROCEEDINGS{BaekAndSajda_2003,
  author = {Baek, K. and Sajda, P.},
  title = {A probabilistic network model for integrating visual cues and inferring
	intermediate-level representations},
  booktitle = {IEEE Workshop on Statistical and Computational Theories of Vision.
	Nice, France.},
  year = {2003}
}

@ARTICLE{xiang_bai_pami_2009,
  author = {Xiang Bai and Xingwei Yang and Longin Jan Latecki and Wenyu Liu and
	Zhuowen Tu},
  title = {Learning Context Sensitive Shape Similarity by Graph Transduction},
  journal = {IEEE Transactions on Pattern Analysis and Machine Intelligence},
  year = {2009},
  volume = {99},
  address = {Los Alamitos, CA, USA},
  issn = {0162-8828},
  publisher = {IEEE Computer Society}
}

@INPROCEEDINGS{baker_database_iccv07,
  author = {Baker, S. and Roth, S. and Scharstein, D. and Black, M.J. and Lewis,
	J.P. and Szeliski, R.},
  title = {A Database and Evaluation Methodology for Optical Flow},
  booktitle = {ICCV},
  year = {2007},
  pages = {1-8},
  bibsource = {http://www.visionbib.com/bibliography/optic-f743.html#TT66453}
}

@INPROCEEDINGS{baker_iccv07,
  author = {Baker, S. and Roth, S. and Scharstein, D. and Black, M.J. and Lewis,
	J.P. and Szeliski, R.},
  title = {A Database and Evaluation Methodology for Optical Flow},
  booktitle = {ICCV},
  year = {2007},
  pages = {1-8},
  bibsource = {http://www.visionbib.com/bibliography/optic-f743.html#TT66809}
}

@ARTICLE{belongie_pami_2002,
  author = {S. Belongie and J. Malik and J. Puzicha},
  title = {Shape Matching and Object Recognition Using Shape Contexts},
  journal = {IEEE Transactions on Pattern Analysis and Machine Intelligence},
  year = {2002},
  volume = {24},
  pages = {509-522},
  address = {Los Alamitos, CA, USA},
  doi = {http://doi.ieeecomputersociety.org/10.1109/34.993558},
  issn = {0162-8828},
  publisher = {IEEE Computer Society}
}


@BOOK{Bishop_2006,
  title = {Pattern Recognition and Machine Learning},
  publisher = {Springer-Verlag New York, Inc.},
  year = {2006},
  author = {Christopher M. Bishop},
  address = {NJ, USA},
  isbn = {0387310738}
}


@INPROCEEDINGS{Brox_Bruhn_eccv2004,
  author = {Brox, T. and Bruhn, A. and Papenberg, N. and Weickert, J.},
  title = {High Accuracy Optical Flow Estimation Based on a Theory for Warping},
  booktitle = ECCV04,
  year = {2004},
  pages = {Vol IV: 25-36},
  bibsource = {http://www.visionbib.com/bibliography/optic-f742.html#TT66493}
}

@ARTICLE{Bruhn_IJCV_2005,
  author = {Bruhn, Andr\'{e}s and Weickert, Joachim and Schn\"{o}rr, Christoph},
  title = {Lucas/{K}anade meets {H}orn/{S}chunck: combining local and global
	optic flow methods},
  journal = {Int. J. Comput. Vision},
  year = {2005},
  volume = {61},
  pages = {211--231},
  number = {3},
  address = {Hingham, MA, USA},
  issn = {0920-5691},
  publisher = {Kluwer Academic Publishers}
}

@BOOK{burden_numerical_analysis_2008,
  title = {Numerical Analysis},
  publisher = {Brooks Cole},
  year = {2000},
  author = {R. L. Burden and J. D. Faires}
}


@MISC{carlier_2005,
  author = {J. Carlier},
  title = {Second set of fluid mechanics image sequences},
  howpublished = {European Project 'Fluid image analysis and description' (FLUID) \url{
	http://www.fluid.irisa.fr/}},
  year = {2005}
}

@INPROCEEDINGS{CarneiroL06,
  author = {Gustavo Carneiro and David Lowe},
  title = {Sparse Flexible Models of Local Features.},
  booktitle = {ECCV(3)},
  year = {2006},
  pages = {29--43},
  bibsource = {DBLP, http://dblp.uni-trier.de},
  ee = {http://dx.doi.org/10.1007/11744078_3},
  er_booktitle = {European Conference on Computer Vision (3)}
}


@INPROCEEDINGS{checkroun_darbon_2006,
  author = {Chekroun, M. and Darbon, J. and Ciril, I.},
  title = {On a Polynomial Vector Field Model for Shape Representation},
  booktitle = ICIAR06,
  year = {2006},
  pages = {II: 386-397},
  bibsource = {http://www.visionbib.com/bibliography/twod277.html#TT22672}
}


@CONFERENCE{chen2008fast,
  author = {Chen, T. and Wang, X. and Metaxas, D. and Axel, L.},
  title = {Fast motion tracking of tagged {MRI} using angle-preserving meshless
	registration},
  booktitle = {MICCAI},
  year = {2008},
  pages = {320},
}


@ARTICLE{corpetti_jmiv_2003,
  author = {Corpetti, T. and M\'{e}min, E. and P\'{e}rez, P.},
  title = {Extraction of Singular Points from Dense Motion Fields: An Analytic
	Approach},
  journal = {J. Math. Imaging Vis.},
  year = {2003},
  volume = {19},
  pages = {175--198},
  number = {3},
  address = {Norwell, MA, USA},
  doi = {http://dx.doi.org/10.1023/A:1026352203836},
  issn = {0924-9907},
  publisher = {Kluwer Academic Publishers}
}

@ARTICLE{corpetti_pami_2002,
  author = {T. Corpetti and ï¿½. Mï¿½min and P. Pï¿½rez},
  title = {Dense Estimation of Fluid Flows},
  journal = {IEEE Trans. Patt. Anal. and Mach. Intel.},
  year = {2002},
  volume = {24},
  pages = {365-380},
  number = {3},
  address = {Los Alamitos, CA, USA},
  doi = {http://doi.ieeecomputersociety.org/10.1109/34.990137},
  issn = {0162-8828},
  publisher = {IEEE Computer Society}
}

@ARTICLE{coughlan1994hierarchical,
  author = {Coughlan, R.S.J.},
  title = {{Hierarchical Spline-Based Image Registration}},
  journal = {Proceedings CVPRï¿½94, Seattle, June 1994},
  year = {1994}
}


@ARTICLE{crum2004non,
  author = {Crum, WR and Hartkens, T. and Hill, DLG},
  title = {{Non-rigid image registration: theory and practice}},
  journal = {British journal of radiology},
  year = {2004},
  volume = {77},
  pages = {S140},
  number = {Special Issue 2},
  publisher = {Br Inst Radiology}
}

@ARTICLE{Cutler2000,
  author = {Ross Cutler and Larry Davis},
  title = {Robust real-time periodic motion detection, analysis, and applications},
  journal = {IEEE Transactions on Pattern Analysis and Machine Intelligence},
  year = {2000},
  volume = {22},
  pages = {781--796}
}

@ARTICLE{Cuzol_IJCV2007,
  author = {Cuzol, A. and Hellier, P. and Memin, E.},
  title = {A Low Dimensional Fluid Motion Estimator},
  journal = IJCV,
  year = {2007},
  volume = {75},
  pages = {329-349},
  number = {3},
  month = {December},
  bibsource = {http://www.visionbib.com/bibliography/optic-f752.html#TT66063}
}

@ARTICLE{Cuzol_PAMI2009,
  author = {Cuzol, A. and Memin, E.},
  title = {A Stochastic Filtering Technique for Fluid Flow Velocity Fields Tracking},
  journal = PAMI,
  year = {2009},
  volume = {31},
  pages = {1278-1293},
  number = {7},
  month = {July},
  bibsource = {http://www.visionbib.com/bibliography/optic-f752.html#TT66066}
}

@ARTICLE{KendallBardenCarneLee_7777,
  author = {D. G. Kendall, D. Barden, T. K. Carne, and H. Lee},
  title = {Shape and Shape Theory},
  journal = {-},
  year = {-},
  volume = {-},
  pages = {-},
  number = {-},
  address = {-},
  doi = {-},
  issn = {-},
  publisher = {-}
}

@BOOK{brian_2002,
  title = {Integral Transforms and Their Applications},
  publisher = {Springer},
  year = {2002},
  author = {Brian Davies},
  chapter = {15}
}

@ARTICLE{Davis_2001,
  author = {James W. Davis},
  title = {Hierarchical motion history images for recognizing human motion},
  journal = {-},
  year = {-},
  volume = {-},
  pages = {-},
  number = {-},
  address = {-},
  doi = {-},
  issn = {-},
  publisher = {-}
}

@INPROCEEDINGS{DavisGao_2004,
  author = {James W. Davis and Hui Gao},
  title = {Gender Recognition from Walking Movements using 
   Three-Mode
	PCA},
  booktitle = {CVPRW '04: Proceedings of the 2004 Conference on Computer Vision
	and Pattern Recognition Workshop (CVPRW'04) Volume 1},
  year = {2004},
  pages = {9},
  publisher = {IEEE Computer Society},
  isbn = {0-7695-2158-4}
}


@INPROCEEDINGS{Liefei_xu_SSPR08,
  author = {Dinh, H.Q. and Xu, L.F.},
  title = {Measuring the Similarity of Vector Fields Using Global Distributions},
  booktitle = SSPR08,
  year = {2008},
  pages = {187-196},
  bibsource = {http://www.visionbib.com/bibliography/twod301.html#TT24002}
}


@INPROCEEDINGS{Druon_Tremblais_ICASSP2006,
  author = {Druon and Tremblais},
  title = {Vector Fields Modelization Using Basis of Polynomials: Application
	to the Analysis of Simple Face Movements},
  booktitle = {ICASSP2006},
  year = {2006},
  pages = {476--491},
  er_booktitle = {ICASSP},
  isbn = {3-540-43745-2}
}


@INPROCEEDINGS{Ebling_VIS03,
  author = {Ebling, Julia and Scheuermann, Gerik},
  title = {Clifford Convolution And Pattern Matching On Vector Fields},
  booktitle = {VIS '03: Proceedings of the 14th IEEE Visualization 2003 (VIS'03)},
  year = {2003},
  pages = {26},
  address = {Washington, DC, USA},
  publisher = {IEEE Computer Society},
  doi = {http://dx.doi.org/10.1109/VISUAL.2003.1250372},
  isbn = {0-7695-2030-8}
}


@ARTICLE{lingling_fan_pami_2008,
  author = {Lingling Fan and Shuguang Wang and Hongfa Wang and Tiande Guo},
  title = {Singular Points Detection Based on Zero-Pole Model in Fingerprint
	Images},
  journal = {IEEE Transactions on Pattern Analysis and Machine Intelligence},
  year = {2008},
  volume = {30},
  pages = {929-940},
  number = {6},
  address = {Los Alamitos, CA, USA},
  doi = {http://doi.ieeecomputersociety.org/10.1109/TPAMI.2008.31},
  issn = {0162-8828},
  publisher = {IEEE Computer Society}
}

@MISC{FelzenszwalbHuttenlocher_2003,
  author = {P. Felzenszwalb and D. Huttenlocher},
  title = {Pictorial structures for object recognition},
  year = {2003},
  text = {P. F. Felzenszwalb and D. P. Huttenlocher. Pictorial structures for
	object recognition. Submitted to IJCV, 2003.},
  url = {citeseer.ist.psu.edu/felzenszwalb03pictorial.html}
}




@INPROCEEDINGS{florack_2001,
  author = {Florack, Luc},
  title = {Scale-Space Theories for Scalar and Vector Images},
  booktitle = {Scale-Space '01: Proceedings of the Third International Conference
	on Scale-Space and Morphology in Computer Vision},
  year = {2001},
  pages = {193--204},
  address = {London, UK},
  publisher = {Springer-Verlag},
  isbn = {3-540-42317-6}
}

@ARTICLE{Flusser20023015,
  author = {Jan Flusser},
  title = {On the inverse problem of rotation moment invariants},
  journal = {Pattern Recognition},
  year = {2002},
  volume = {35},
  pages = {3015 - 3017},
  number = {12},
  doi = {DOI: 10.1016/S0031-3203(02)00093-6},
  issn = {0031-3203},
  url = {http://www.sciencedirect.com/science/article/B6V14-46R5SVW-3/2/75775740668004d73c5369594b159fc4}
}

@ARTICLE{flusser_2000,
  author = {Jan Flusser},
  title = {On the independence of rotation moment invariants},
  journal = {Pattern Recognition},
  year = {2000}
}

@BOOK{powell_1981,
  title = {Approximation Theory and Methods},
  publisher = {Cambridge Univ. Press},
  year = {1981},
  author = {M. J. Forray}
}

@BOOK{Forray:68,
  title = {Variational Calculus in Science and Engineering},
  publisher = mgh,
  year = {1968},
  author = {M. J. Forray}
}


@INPROCEEDINGS{GeigerHeckerman_1995,
  author = {Dan Geiger and David Heckerman},
  title = {A Characterization of the Dirichlet Distribution with Application
	to Learning Bayesian Networks},
  booktitle = {UAI},
  year = {1995},
  pages = {196-207}
}


@BOOK{Granlund_1995,
  title = {Signal Processing for Computer Vision},
  publisher = {Kluwer},
  year = {1995},
  author = {Granlund, G.H. and Knutsson, H.},
  month = {December},
  bibsource = {http://www.visionbib.com/bibliography/book29.html#TT1667}
}


@ARTICLE{Grunwald_7777,
  author = {P. Grunwald},
  title = {The Minimum Description Length Principle and Reasoning under Uncertainty},
  journal = {-},
  year = {-},
  volume = {-},
  pages = {-},
  number = {-},
  address = {-},
  doi = {-},
  issn = {-},
  publisher = {-}
}


@CONFERENCE{hansen2008adaptive,
  author = {Hansen, M.S. and Larsen, R. and Lyngby, D. and Glocker, B. and Navab,
	N. and M{\'u}nchen, G.},
  title = {{Adaptive parametrization of multivariate B-splines for image registration}},
  booktitle = {CVPR},
  year = {2008},
  pages = {1--8}
}


@INCOLLECTION{StefanHaufe_NIPS2009,
  author = {Stefan Haufe and Vadim V Nikulin and Andreas Ziehe and Klaus-Robert
	M\"{u}ller and Guido Nolte},
  title = {Estimating vector fields using sparse basis field expansions},
  booktitle = {Advances in Neural Information Processing Systems 21},
  year = {2009},
  editor = {D. Koller and D. Schuurmans and Y. Bengio and L. Bottou},
  pages = {617--624}
}

@ARTICLE{Einar_Heiberg_TVCG2003,
  author = {Einar Heiberg and Tino Ebbers and Lars Wigstr and Matts Karlsson},
  title = {Three-Dimensional Flow Characterization Using Vector Pattern Matching},
  journal = {IEEE Transactions on Visualization and Computer Graphics},
  year = {2003},
  volume = {9},
  pages = {313-319},
  number = {3},
  address = {Los Alamitos, CA, USA},
  doi = {http://doi.ieeecomputersociety.org/10.1109/TVCG.2003.1207439},
  issn = {1077-2626},
  publisher = {IEEE Computer Society}
}


@ARTICLE{hu62,
  author = {Hu, Ming K.},
  title = {Visual Pattern Recognition by Moment Invariants},
  journal = {IEEE Transactions on Information Theory},
  year = {1962},
  volume = {IT-8},
  pages = {179--187},
  month = {February},
  citeulike-article-id = {1145276},
  keywords = {bibtex-import},
  posted-at = {2007-03-07 09:31:28},
  priority = {2}
}

@ARTICLE{HuXiaoFuTanMaybank_7777,
  author = {Weiming Hu and Xuejuan Xiao and Zhouyu Fu and Dan Xie},
  title = {A System for Learning Statistical Motion Patterns},
  journal = {IEEE Trans. Pattern Anal. Mach. Intell.},
  year = {2006},
  volume = {28},
  pages = {1450--1464},
  number = {9},
  note = {Fellow-Tieniu Tan and Member-Steve Maybank},
  address = {Washington, DC, USA},
  doi = {http://dx.doi.org/10.1109/TPAMI.2006.176},
  issn = {0162-8828},
  publisher = {IEEE Computer Society}
}

@ARTICLE{huang1993adaptive,
  author = {Huang, W.C. and Goldgof, D.B.},
  title = {{Adaptive-size meshes for rigid and nonrigid shape analysis and synthesis}},
  journal = {IEEE Trans. on Patt. Anal. and Mach. Intel.},
  year = {1993},
  volume = {15},
  pages = {611--616},
  number = {6},
  publisher = {Institute of Electrical and Electronics Engineers, Inc, 445 Hoes
	Ln, Piscataway, NJ, 08854-1331, USA,}
}

@ARTICLE{HuangAndMetaxas2008,
  author = {Huang, X.L. and Metaxas, D.N.},
  title = {Metamorphs: Deformable Shape and Appearance Models},
  journal = PAMI,
  year = {2008},
  volume = {30},
  pages = {1444-1459},
  number = {8},
  month = {August},
  bibsource = {http://www.visionbib.com/bibliography/describe474.html#TT34811}
}



@INPROCEEDINGS{Kihl_Tremblais_ICIP08,
  author = {Kihl, O. and Tremblais, B. and Augereau, B.},
  title = {Multivariate orthogonal polynomials to extract singular points},
  booktitle = ICIP08,
  year = {2008},
  pages = {857-860},
  bibsource = {http://www.visionbib.com/bibliography/edge228.html#TT18900}
}


@INPROCEEDINGS{koppel_2008,
  author = {Koppel, D. and Tsai, C.M. and Wang, Y.F.},
  title = {Regularizing optical-flow computation using tensor theory and complex
	analysis},
  booktitle = CVPR08,
  year = {2008},
  pages = {1-6},
  bibsource = {http://www.visionbib.com/bibliography/optic-f740.html#TT66160}
}

@BOOK{krantz_1999,
  title = {Handbook of Complex Variables},
  publisher = {Birkhauser},
  year = {1999},
  author = {Krantz, S. G.},
  bibsource = {http://www.visionbib.com/bibliography/book29.html#TT1667},
  booktitle = {Transform Theory},
  chapter = {15}
}



@INPROCEEDINGS{kroon_isbi2009,
  author = {Kroon, Dirk-Jan and Slump, Cornelis H.},
  title = {{MRI} modality transformation in demon registration},
  booktitle = {ISBI},
  year = {2009},
  pages = {963--966},
  publisher = {IEEE}
}


@CONFERENCE{kwon2008nonrigid,
  author = {Kwon, D. and Lee, K.J. and Yun, I.D. and Lee, S.U.},
  title = {{Nonrigid image registration using dynamic higher-order MRF model}},
  booktitle = {ECCV},
  year = {2008},
  pages = {386},
}

@ARTICLE{kybic2003fast,
  author = {Kybic, J. and Unser, M.},
  title = {{Fast parametric elastic image registration}},
  journal = {IEEE Transactions on Image Processing},
  year = {2003},
  volume = {12},
  pages = {1427--1442},
  number = {11},
  publisher = {Citeseer}
}


@INPROCEEDINGS{lap_yip_chi_icpr06,
  author = {Lap, YIP Chi and ka Yan, WONG},
  title = {Identifying centers of circulating and spiraling flow patterns},
  booktitle = {ICPR '06: Proceedings of the 18th International Conference on Pattern
	Recognition},
  year = {2006},
  pages = {769--772},
  address = {Washington, DC, USA},
  publisher = {IEEE Computer Society},
  doi = {http://dx.doi.org/10.1109/ICPR.2006.675},
  isbn = {0-7695-2521-0}
}

@INPROCEEDINGS{LaptevLindeberg_7777,
  author = {Laptev, I. and Lindeberg, T.},
  title = {Space-Time interest points},
  booktitle = {Intl. Conf. on Computer Vision},
  year = {2003},
  address = {Nice, France},
  month = {October}
}

@INPROCEEDINGS{LarlusJurie_7777,
  author = {Larlus, D. and Jurie, F.},
  title = {Latent Mixture Vocabularies for Object Categorization},
  booktitle = BMVC06,
  year = {2006},
  pages = {III:959},
  bibsource = {http://www.visionbib.com/bibliography/applicat812.html#TT57888}
}

@ARTICLE{GuiThiranParagios_2007,
  author = {Laura Gui, Jean-Philippe Thiran and Nikos Paragios},
  title = {Simultaneous Segmentation and Object Behavior Classification of Image
	Sequences},
  journal = {Technical Report TR ITS 2007.04},
  year = {2007},
  volume = {-},
  pages = {-},
  number = {-},
  address = {-},
  doi = {-},
  issn = {-},
  publisher = {-}
}

@ARTICLE{Laurentini_1994,
  author = {A. Laurentini},
  title = {The Visual Hull Concept for Silhouette-Based Image Understanding},
  journal = {IEEE Trans. Pattern Anal. Mach. Intell.},
  year = {1994},
  volume = {16},
  pages = {150--162},
  number = {2},
  address = {Washington, DC, USA},
  doi = {http://dx.doi.org/10.1109/34.273735},
  issn = {0162-8828},
  publisher = {IEEE Computer Society}
}

@INPROCEEDINGS{LaxtonLimKriegman_2007,
  author = {Laxton, B. and Lim, J. and Kriegman, D.},
  title = {Leveraging temporal, contextual and ordering constraints for recognizing
	complex activities in video},
  booktitle = CVPR07,
  year = {2007},
  pages = {1-8},
  bibsource = {http://www.visionbib.com/bibliography/other1026.html#TT76918}
}

@INPROCEEDINGS{LeibeCVPR2007,
  author = {Leibe, B. and Cornelis, N. and Cornelis, K. and Van Gool, L.J.},
  title = {Dynamic 3D Scene Analysis from a Moving Vehicle},
  booktitle = CVPR07,
  year = {2007},
  pages = {1-8},
  bibsource = {http://www.visionbib.com/bibliography/motion-f722.html#TT55397}
}

@ARTICLE{Leibe2008,
  author = {Leibe, B. and Leonardis, A. and Schiele, B.},
  title = {Robust Object Detection with Interleaved Categorization and Segmentation},
  journal = IJCV,
  year = {2008},
  volume = {77},
  pages = {259-289},
  number = {1-3},
  month = {May},
  bibsource = {http://www.visionbib.com/bibliography/match541.html#TT41002}
}

@INPROCEEDINGS{leibe05cvpr,
  author = {B. Leibe and E. Seemann and B. Schiele},
  title = {Pedestrian Detection in Crowded Scenes},
  booktitle = {Proceedings of the Conference on Computer Vision and Pattern Recognition,
	San Diego, California, USA},
  year = {2005},
  pages = {878--885},
  month = {June},
  abstract = {In this paper, we address the problem of detecting pedestrians in
	crowded real-world scenes with severe overlaps. Our basic premise
	is that this problem is too difficult for any type of model or feature
	alone. Instead, we present a novel algorithm that integrates evidence
	in multiple iterations and from different sources. The core part
	of our method is the combination of local and global cues via a probabilistic
	top-down segmentation. Altogether, this approach allows to examine
	and compare object hypotheses with high precision down to the pixel
	level. Qualitative and quantitative results on a large data set confirm
	that our method is able to reliably detect pedestrians in crowded
	scenes, even when they overlap and partially occlude each other.
	In addition, the flexible nature of our approach allows it to operate
	on very small training sets.},
  url = {http://www.mis.informatik.tu-darmstadt.de/seemann/leibe-crowdedscenes-cvpr05.pdf}
}

@INPROCEEDINGS{LeoOrazioGnoniSpagnoloDistante_7777,
  author = {M. Leo and T. D'Orazio and I. Gnoni and P. Spagnolo and A. Distante},
  title = {Complex Human Activity Recognition for Monitoring Wide Outdoor Environments},
  booktitle = {ICPR, Vol. 4},
  year = {2004},
  pages = {913--916},
  doi = {http://dx.doi.org/10.1109/ICPR.2004.258},
  er_booktitle = {Intl. Conference on Pattern Recognition, Vol. 4},
  isbn = {0-7695-2128-2}
}

@ARTICLE{Leung_malik_2001,
  author = {Leung, Thomas and Malik, Jitendra},
  title = {Representing and Recognizing the Visual Appearance of Materials using
	Three-dimensional Textons},
  journal = {Int. J. Comput. Vision},
  year = {2001},
  volume = {43},
  pages = {29--44},
  number = {1},
  month = {June},
  address = {Hingham, MA, USA},
  citeulike-article-id = {1379576},
  citeulike-linkout-0 = {http://portal.acm.org/citation.cfm?id=543015.543017},
  citeulike-linkout-1 = {http://dx.doi.org/10.1023/A:1011126920638},
  citeulike-linkout-2 = {http://www.springerlink.com/content/k766307872430032},
  doi = {10.1023/A:1011126920638},
  issn = {0920-5691},
  keywords = {cg},
  posted-at = {2007-06-12 02:54:16},
  priority = {2},
  publisher = {Kluwer Academic Publishers},
  url = {http://dx.doi.org/10.1023/A:1011126920638}
}

@INPROCEEDINGS{LiHuWuWu_7777,
  author = {Li, H. and Hu, Z. and Wu, Y. and Wu, F.},
  title = {Behavior Modeling and Recognition Based on Space-Time Image Features},
  booktitle = ICPR06,
  year = {2006},
  pages = {I: 243-246},
  bibsource = {http://www.visionbib.com/bibliography/motion-f740.html#TT50616}
}

@BOOK{liu_gr_meshfree2009,
  title = {Mesh free methods: moving beyond the finite element method (Second
	Edition)},
  publisher = {CRC},
  year = {2009},
  author = {Liu, G. R.},
  month = {July},
  day = {29},
  howpublished = {Hardcover},
  isbn = {420082098},
  keywords = {meshfree, methods},
  posted-at = {2008-06-02 19:31:35},
  priority = {2}
}

@BOOK{liu_gr_meshfree2002,
  title = {Mesh Free Methods: Moving Beyond the Finite Element Method},
  publisher = {CRC},
  year = {2002},
  author = {Liu, G. R.},
  edition = {1},
  month = {July},
  day = {29},
  howpublished = {Hardcover},
  isbn = {0849312388},
  keywords = {meshfree, methods},
  posted-at = {2008-06-02 19:31:35},
  priority = {2}
}

@ARTICLE{liu1998accuracy,
  author = {Liu, H. and Hong, T.H. and Herman, M. and Camus, T. and Chellappa,
	R.},
  title = {{Accuracy vs. efficiency trade-offs in optical flow algorithms}},
  journal = {Computer Vision and Image Understanding},
  year = {1998},
  volume = {72},
  pages = {271--286},
  number = {3},
  publisher = {Citeseer}
}

@inproceedings{liu2003meshfree,
  author = {Liu, H. and Shi, P.},
  title = {Meshfree particle method},
  booktitle = ICCV,
  year = {2003},
  volume = 1,
  month = oct,
  pages = {289--269}
}

@BOOK{liu2003smoothed,
  title = {{Smoothed particle hydrodynamics: a meshfree particle method}},
  publisher = {World Scientific Publishing Company},
  year = {2003},
  author = {Liu, MB}
}

@ARTICLE{sift_ijcv_2004,
  author = {Lowe, David G.},
  title = {Distinctive Image Features from Scale-Invariant Keypoints},
  journal = {Int. J. Comput. Vision},
  year = {2004},
  volume = {60},
  pages = {91--110},
  number = {2},
  address = {Hingham, MA, USA},
  doi = {http://dx.doi.org/10.1023/B:VISI.0000029664.99615.94},
  issn = {0920-5691},
  publisher = {Kluwer Academic Publishers}
}

@ARTICLE{LuFerrier_7777,
  author = {ChunMei Lu and Nicola J. Ferrier},
  title = {Repetitive Motion Analysis: Segmentation and Event Classification},
  journal = {IEEE Trans. Pattern Anal. Mach. Intell.},
  year = {2004},
  volume = {26},
  pages = {258--263},
  number = {2},
  address = {Washington, DC, USA},
  doi = {http://dx.doi.org/10.1109/TPAMI.2004.1262196},
  issn = {0162-8828},
  publisher = {IEEE Computer Society}
}

@INPROCEEDINGS{lucas_kanade_1981,
  author = {Lucas, B. D. and Kanade, T.},
  title = {An Iterative Image Registration Technique with an Application to
	Stereo Vision},
  booktitle = {IJCAI81},
  year = {1981},
  pages = {674--679},
  abstract = {Image registration finds a variety of applications in computer vision.
	Unfortunately, traditional image registration techniques tend to
	be costly. We present a new image registration technique that makes
	use of the spatial intensity gradient of the images to find a good
	match using a type of Newton-Raphson iteration. Our technique is
	faster because it examines far fewer potential matches between the
	images than existing techniques. Furthermore, this registration technique
	can be generalized to...},
  citeulike-article-id = {431193},
  citeulike-linkout-0 = {http://citeseerx.ist.psu.edu/viewdoc/summary?doi=10.1.1.49.2019},
  keywords = {tracking},
  posted-at = {2008-03-10 17:45:02},
  priority = {4},
  url = {http://citeseerx.ist.psu.edu/viewdoc/summary?doi=10.1.1.49.2019}
}

@MISC{LvKangNevatiaCohenMedioni_7777,
  author = {Fengjun Lv and Jinman Kang and Ram Nevatia and Isaac Cohen and Gerard
	Medioni},
  title = {Automatic Tracking and Labeling of Human Activities in a Video Sequence},
  url = {citeseer.ist.psu.edu/lv04automatic.html}
}

@INPROCEEDINGS{LvNevatia_7777,
  author = {Lv, F. and Nevatia, R.},
  title = {Recognition and Segmentation of 3-D Human Action Using HMM and Multi-class
	AdaBoost},
  booktitle = ECCV06,
  year = {2006},
  pages = {IV: 359-372},
  bibsource = {http://www.visionbib.com/bibliography/motion-f741.html#TT50731}
}

@INPROCEEDINGS{MaDamelinMasoudPapanikolopoulos_7777,
  author = {Ma, Y. and Damelin, S.B. and Masoud, O. and Papanikolopoulos, N.},
  title = {Activity Recognition Via Classification Constrained Diffusion Maps},
  booktitle = ISVC06,
  year = {2006},
  pages = {I: 1-8},
  bibsource = {http://www.visionbib.com/bibliography/motion-f726.html#TT49429}
}

@article{gholipour2007brain,
  title={{Brain functional localization: A survey of image registration techniques}},
  author={Gholipour, A. and Kehtarnavaz, N. and Briggs, R. and Devous, M. and Gopinath, K.},
  journal={IEEE Transactions on Medical Imaging},
  volume={26},
  number={4},
  pages={427},
  year={2007},
  publisher={IEEE INSTITUTE OF ELECTRICAL AND ELECTRONICS}
}


@ARTICLE{Maintz_MIA1999,
  author = {Maintz, J. and Viergever, M.},
  title = {A survey of medical image registration},
  journal = {Medical Image Analysis},
  year = {1998},
  volume = {2},
  pages = {1--36},
  number = {1},
  abstract = {The purpose of this chapter is to present a survey of recent publications
	concerning medical image registration techniques. These publications
	will be classified according to a model based on nine salient criteria,
	the main dichotomy of which is extrinsic versus intrinsic methods
	The statistics of the classification show definite trends in the
	evolving registration techniques, which will be discussed. At this
	moment, the bulk of interesting intrinsic methods is either based
	on segmented points...},
  citeulike-article-id = {96690},
  citeulike-linkout-0 = {http://citeseer.ist.psu.edu/maintz98survey.html},
  citeulike-linkout-1 = {http://citeseer.lcs.mit.edu/maintz98survey.html},
  citeulike-linkout-2 = {http://citeseer.ifi.unizh.ch/maintz98survey.html},
  citeulike-linkout-3 = {http://citeseer.comp.nus.edu.sg/maintz98survey.html},
  keywords = {registration},
  posted-at = {2006-10-12 23:12:32},
  priority = {0}
}

@ARTICLE{Makadia_PAMI2006,
  author = {Ameesh Makadia and Kostas Daniilidis},
  title = {Rotation Recovery from Spherical Images without Correspondences},
  journal = {IEEE Transactions on Pattern Analysis and Machine Intelligence},
  year = {2006},
  volume = {28},
  pages = {1170-1175},
  address = {Los Alamitos, CA, USA},
  doi = {http://doi.ieeecomputersociety.org/10.1109/TPAMI.2006.150},
  issn = {0162-8828},
  publisher = {IEEE Computer Society}
}

@inproceedings{thayananthan2003shape,
  title={{Shape context and chamfer matching in cluttered scenes}},
  author={Thayananthan, A. and Stenger, B. and Torr, PHS and Cipolla, R.},
  booktitle={CVPR},
  volume={1},
  year={2003}
}


@ARTICLE{makram510non,
  author = {Makram-Ebeid, S. and Somphone, O.},
  title = {{Non-rigid image registration using a hierarchical partition of unity
	finite element method}},
  journal = {ICCV},
  year=2009,
  publisher={IEEE},
  volume = {510},
  pages = {7}
}

@MISC{MasoudPapanikolopoulos_7777,
  author = {Osama Masoud and Nikos Papanikolopoulos},
  title = {A Method for Human Action Recognition},
  url = {citeseer.ist.psu.edu/article/masoud03method.html}
}

@ARTICLE{McCane_CVIU2001,
  author = {McCane, B. and Novins, K. and Crannitch, D. and Galvin, B.},
  title = {On benchmarking optical flow},
  journal = {Comput. Vis. Image Underst.},
  year = {2001},
  volume = {84},
  pages = {126--143},
  number = {1},
  address = {New York, NY, USA},
  doi = {http://dx.doi.org/10.1006/cviu.2001.0930},
  issn = {1077-3142},
  publisher = {Elsevier Science Inc.}
}

@ARTICLE{meyer1997demonstration,
  author = {Meyer, C.R. and Boes, J.L. and Kim, B. and Bland, P.H. and Zasadny,
	K.R. and Kison, P.V. and Koral, K. and Frey, K.A. and Wahl, R.L.},
  title = {{Demonstration of accuracy and clinical versatility of mutual information
	for automatic multimodality image fusion using affine and thin-plate
	spline warped geometric deformations}},
  journal = {Medical Image Analysis},
  year = {1997},
  volume = {1},
  pages = {195--206},
  number = {3},
  publisher = {Elsevier}
}

@ARTICLE{michaelis_1996,
  author = {Michaelis, Markus and Sommer, Gerald},
  title = {A Lie group approach to steerable filters},
  journal = {Pattern Recogn. Lett.},
  year = {1995},
  volume = {16},
  pages = {1165--1174},
  number = {11},
  address = {New York, NY, USA},
  doi = {http://dx.doi.org/10.1016/0167-8655(95)00066-P},
  issn = {0167-8655},
  publisher = {Elsevier Science Inc.}
}

@ARTICLE{Mikolajczyk_pami2005,
  author = {Mikolajczyk, Krystian and Schmid, Cordelia},
  title = {A Performance Evaluation of Local Descriptors},
  journal = {IEEE Trans. Pattern Anal. Mach. Intell.},
  year = {2005},
  volume = {27},
  pages = {1615--1630},
  number = {10},
  address = {Washington, DC, USA},
  doi = {http://dx.doi.org/10.1109/TPAMI.2005.188},
  issn = {0162-8828},
  publisher = {IEEE Computer Society}
}

@INPROCEEDINGS{Mikolajczyk2008,
  author = {Mikolajczyk, K. and Uemura, H.},
  title = {Action recognition with motion-appearance vocabulary forest},
  booktitle = CVPR08,
  year = {2008},
  pages = {1-8},
  bibsource = {http://www.visionbib.com/bibliography/motion-f740.html#TT57203}
}

@INPROCEEDINGS{MooreEssaHayes_7777,
  author = {Moore, D.J. and Essa, I.A. and Hayes, III, M.H.},
  title = {Object Spaces: Context Management for Human Activity Recognition},
  booktitle = AVBPA99,
  year = {1999},
  pages = {xx-yy},
  bibsource = {http://www.visionbib.com/bibliography/people924.html#TT67090}
}

@ARTICLE{EfrosBergMoriMalik_7777,
  author = {G. Mori and A. Efros and A. Berg and J. Malik},
  title = {Recognizing action at a distance},
  year = {2003},
  text = {G. Mori A. A. Efros, A. C. Berg and J. Malik. Recognizing action at
	a distance. In International Conference on Computer Vision, 2003.},
  url = {citeseer.ist.psu.edu/efros03recognizing.html}
}

@MISC{YilmazShah_7777,
  author = {Alper Yilmaz Mubarak},
  title = {Actions As Objects: A Novel Action Representation},
  url = {citeseer.ist.psu.edu/717187.html}
}

@ARTICLE{Ferdinando_flow_basis_1992,
  author = {Ferdinando A. Mussa-Ivaldi},
  title = {From basis functions to basis fields: vector field approximation
	from sparse data},
  journal = {Biological Cybernetics},
  year = {1992},
  volume = {67},
  pages = {479-489},
  number = {6},
  month = {10},
  bibsource = {http://www.springerlink.com/content/h4jh121n81733116}
}

@ARTICLE{myronenko-image,
  author = {Myronenko, A. and Song, X.},
  title = {Image registration by minimization of residual complexity},
  journal = {CVPR},
  year={2009}
}

@ARTICLE{RobertsonReidBrady_7777,
  author = {N. Robertson, I. Reid and M. Brady},
  title = {Behavior recognition and explanation for video surveillance},
  journal = {-},
  year = {-},
  volume = {-},
  pages = {-},
  number = {-},
  address = {-},
  doi = {-},
  issn = {-},
  publisher = {-}
}

@INPROCEEDINGS{NaitCharifMcKenna_7777,
  author = {Hammadi Nait-Charif and Stephen J. McKenna},
  title = {Activity Summarisation and Fall Detection in a Supportive Home Environment},
  booktitle = {ICPR '04: Proceedings of the Pattern Recognition, 17th International
	Conference on (ICPR'04) Volume 4},
  year = {2004},
  pages = {323--326},
  address = {Washington, DC, USA},
  publisher = {IEEE Computer Society},
  doi = {http://dx.doi.org/10.1109/ICPR.2004.127},
  isbn = {0-7695-2128-2}
}

@ARTICLE{Nascimento2008,
  author = {Nascimento, J.C. and Figueiredo, M.A.T. and Marques, J.S.},
  title = {Independent increment processes for human motion recognition},
  journal = CVIU,
  year = {2008},
  volume = {109},
  pages = {126-138},
  number = {2},
  month = {February},
  bibsource = {http://www.visionbib.com/bibliography/motion-f740.html#TT57186}
}

@ARTICLE{andrew_nealen_2004,
  author = {Andrew Nealen},
  title = {An As-Short-As-Possible Introduction to the Least Squares, Weighted
	Least Squares and Moving Least Squares Methods for Scattered Data
	Approximation and Interpolation},
  year = {2004}
}

@CONFERENCE{nealen2006physically,
  author = {Nealen, A. and Muller, M. and Keiser, R. and Boxerman, E. and Carlson,
	M.},
  title = {{Physically based deformable models in computer graphics}},
  booktitle = {Computer Graphics Forum},
  year = {2006},
  volume = {25},
  number = {4},
  pages = {809--836},
}

@INPROCEEDINGS{NguyenVenkatesh_7777,
  author = {Nguyen, N.T. and Venkatesh, S. and Bui, H.H.},
  title = {Recognising Behaviours of Multiple People with Hierarchical Probabilistic
	Model and Statistical Data Association},
  booktitle = BMVC06,
  year = {2006},
  pages = {III:1239},
  bibsource = {http://www.visionbib.com/bibliography/motion-f743.html#TT50850}
}

@ARTICLE{NiculescuMitchellRao_2006,
  author = {Radu Stefan Niculescu and Tom M. Mitchell and R. Bharat Rao},
  title = {Bayesian Network Learning with Parameter Constraints},
  journal = {J. Mach. Learn. Res.},
  year = {2006},
  volume = {7},
  pages = {1357--1383},
  address = {Cambridge, MA, USA},
  issn = {1533-7928},
  publisher = {MIT Press}
}

@INPROCEEDINGS{Niebles_ECCV08,
  author = {Niebles, J.C. and Han, B.H. and Ferencz, A. and Li, F.F.},
  title = {Extracting Moving People from Internet Videos},
  booktitle = ECCV08,
  year = {2008},
  pages = {IV: 527-540},
  bibsource = {http://www.visionbib.com/bibliography/motion-f733.html#TT57696}
}

@INPROCEEDINGS{NieblesWangFeiFei_7777,
  author = {Niebles, J.C. and Wang, H. and Wang, H. and Fei Fei, L.},
  title = {Unsupervised Learning of Human Action Categories Using Spatial-Temporal
	Words},
  booktitle = {BMVC, Edinburgh},
  year = {2006},
  pages = {III:1249},
  bibsource = {http://www.visionbib.com/bibliography/motion-f741.html#TT50709},
  er_booktitle = {British Machine Vision Conference, Edinburgh}
}

@INPROCEEDINGS{NieblesFeiFei_2007,
  author = {J. C. Niebles and Li Fei-Fei},
  title = {A Hierarchical Model of Shape and Appearance for Human Action Classification},
  booktitle = {CVPR},
  year = {2007},
  address = {Minneapolis, USA},
  month = {June},
  er_booktitle = {Intl. Conf. on Computer Vision and Pattern Recognition}
}

@INPROCEEDINGS{nielsen_eccv98,
  author = {Nielsen, Mads and Olsen, Ole Fogh},
  title = {The Structure of the Optic Flow Field},
  booktitle = {ECCV '98: Proceedings of the 5th European Conference on Computer
	Vision-Volume II},
  year = {1998},
  pages = {271--287},
  address = {London, UK},
  publisher = {Springer-Verlag},
  isbn = {3-540-64613-2}
}

@ARTICLE{marc_niethammer,
  author = {Marc Niethammer},
  title = {A Brief Introduction to Calculus of Variations},
  year = {2000},
  url = {http://www.cs.unc.edu/~mn/classes/comp775/doc/calculusOfVariations.pdf}
}

@INPROCEEDINGS{NilsbackAndCaputo_2004,
  author = {Nilsback, M.E. and Caputo, B.},
  title = {Cue integration through discriminative accumulation},
  booktitle = {Conf. on Computer Vision and Pattern Recognition},
  year = {2004},
  pages = {II: 578--585}
}

@INPROCEEDINGS{nilsson_eccv02_workshop,
  author = {Nilsson, Kenneth and Big\"{u}n, Josef},
  title = {Complex Filters Applied to Fingerprint Images Detecting Prominent
	Symmetry Points Used for Alignment},
  booktitle = {ECCV '02: Proceedings of the International ECCV 2002 Workshop Copenhagen
	on Biometric Authentication},
  year = {2002},
  pages = {39--47},
  address = {London, UK},
  publisher = {Springer-Verlag},
  isbn = {3-540-43723-1}
}

@ARTICLE{Nilsson_Bigun_PRL2003,
  author = {Nilsson, Kenneth and Bigun, Josef},
  title = {Localization of corresponding points in fingerprints by complex filtering},
  journal = {Pattern Recogn. Lett.},
  year = {2003},
  volume = {24},
  pages = {2135--2144},
  number = {13},
  address = {New York, NY, USA},
  doi = {http://dx.doi.org/10.1016/S0167-8655(03)00083-7},
  issn = {0167-8655},
  publisher = {Elsevier Science Inc.}
}

@ARTICLE{nir_ijcv_2008_overparameterization,
  author = {Nir, Tal and Bruckstein, Alfred M. and Kimmel, Ron},
  title = {Over-Parameterized Variational Optical Flow},
  journal = {Int. J. Comput. Vision},
  year = {2008},
  volume = {76},
  pages = {205--216},
  number = {2},
  address = {Hingham, MA, USA},
  doi = {http://dx.doi.org/10.1007/s11263-007-0051-2},
  issn = {0920-5691},
  publisher = {Kluwer Academic Publishers}
}

@INPROCEEDINGS{OgabtaChristmasKittlerIshikawa_7777,
  author = {Takehito Ogata and William Christmas and Josef Kittler and Seiji
	Ishikawa},
  title = {Improving human activity detection by combining multi-dimensional
	motion descriptors with boosting},
  booktitle = {ICPR '06: Proceedings of the 18th International Conference on Pattern
	Recognition},
  year = {2006},
  pages = {295--298},
  address = {Washington, DC, USA},
  publisher = {IEEE Computer Society},
  doi = {http://dx.doi.org/10.1109/ICPR.2006.702},
  isbn = {0-7695-2521-0}
}

@ARTICLE{ohtake_2003,
  author = {Ohtake, Yutaka and Belyaev, Alexander and Alexa, Marc and Turk, Greg
	and Seidel, Hans-Peter},
  title = {Multi-level partition of unity implicits},
  journal = {ACM Trans. Graph.},
  year = {2003},
  volume = {22},
  pages = {463--470},
  number = {3},
  address = {New York, NY, USA},
  doi = {http://doi.acm.org/10.1145/882262.882293},
  issn = {0730-0301},
  publisher = {ACM}
}

@INPROCEEDINGS{OliverHorvitzGarg_7777,
  author = {N. Oliver and E. Horvitz and A. Garg},
  title = {Layered representations for human activity recognition},
  booktitle = {Fourth IEEE Int. Conf. on Multimodal Interfaces},
  year = {2002},
  pages = {3--8},
  url = {citeseer.ist.psu.edu/oliver02layered.html}
}

@INPROCEEDINGS{OmmerBuhmann_7777,
  author = {Ommer, B. and Buhmann, J.M.},
  title = {Learning Compositional Categorization Models},
  booktitle = ECCV06,
  year = {2006},
  pages = {III: 316-329},
  bibsource = {http://www.visionbib.com/bibliography/match556.html#TT37519}
}

@INPROCEEDINGS{OrenPapageorgiouSinhaOsunaPoggio_7777,
  author = {Michael Oren and Constantine Papageorgiou and Pawan Sinha and Edgar
	Osuna and Tomaso Poggio},
  title = {Pedestrian Detection Using Wavelet Templates},
  booktitle = {CVPR '97: Proceedings of the 1997 Conference on Computer Vision and
	Pattern Recognition (CVPR '97)},
  year = {1997},
  pages = {193},
  address = {Washington, DC, USA},
  publisher = {IEEE Computer Society},
  isbn = {0-8186-7822-4}
}

@ARTICLE{OtsuKurita_7777,
  author = {N. Otsu and T. Kurita},
  title = {A new scheme for practical flexible and intelligent vision systems},
  journal = {-},
  year = {-},
  volume = {-},
  pages = {-},
  number = {-},
  address = {-},
  doi = {-},
  issn = {-},
  publisher = {-}
}

@INPROCEEDINGS{PanagiotakisRamassoTziritasRombautPelleri_7777,
  author = {Panagiotakis, C. and Ramasso, E. and Tziritas, G. and Rombaut, M.
	and Pellerin, D.},
  title = {Shape-Motion Based Athlete Tracking for Multilevel Action Recognition},
  booktitle = AMDO06,
  year = {2006},
  pages = {385-394},
  bibsource = {http://www.visionbib.com/bibliography/motion-f744.html#TT50944}
}

@ARTICLE{ParameswaranChelappa_7777,
  author = {Vasu Parameswaran and Rama Chellappa},
  title = {View Invariance for Human Action Recognition},
  journal = {Int. J. Comput. Vision},
  year = {2006},
  volume = {66},
  pages = {83--101},
  number = {1},
  address = {Hingham, MA, USA},
  doi = {http://dx.doi.org/10.1007/s11263-005-3671-4},
  issn = {0920-5691},
  publisher = {Kluwer Academic Publishers}
}

@INPROCEEDINGS{Parameswaran2003,
  author = {Parameswaran, V. and Chellappa, R.},
  title = {View invariants for human action recognition},
  booktitle = CVPR03,
  year = {2003},
  pages = {II: 613-619},
  bibsource = {http://www.visionbib.com/bibliography/motion-f740.html#TT57154}
}

@INPROCEEDINGS{ParkAggarwal_7777,
  author = {Sangho Park and J. K. Aggarwal},
  title = {Semantic-level Understanding of Human Actions and Interactions using
	Event Hierarchy},
  booktitle = {CVPRW'04, Vol. 1},
  year = {2004},
  pages = {12},
  isbn = {0-7695-2158-4}
}

@INPROCEEDINGS{ParkAggarwal_2003,
  author = {Sangho Park and J. K. Aggarwal},
  title = {Recognition of two-person interactions using a hierarchical Bayesian
	network},
  booktitle = {IWVS '03: First ACM SIGMM international workshop on Video surveillance},
  year = {2003},
  pages = {65--76},
  address = {New York, NY, USA},
  publisher = {ACM Press},
  doi = {http://doi.acm.org/10.1145/982452.982461},
  isbn = {1-58113-780-X},
  location = {Berkeley, California}
}

@ARTICLE{ParkAndTrivedi2008,
  author = {Park, S. and Trivedi, M.M.},
  title = {Understanding human interactions with track and body synergies (TBS)
	captured from multiple views},
  journal = CVIU,
  year = {2008},
  volume = {111},
  pages = {2-20},
  number = {1},
  month = {July},
  bibsource = {http://www.visionbib.com/bibliography/motion-f737.html#TT56050}
}

@INPROCEEDINGS{ParkTrivedi_7777,
  author = {Park, S. and Trivedi, M.M.},
  title = {A track-based human movement analysis and privacy protection system
	adaptive to environmental contexts},
  booktitle = AVSBS05,
  year = {2005},
  pages = {171-176},
  bibsource = {http://www.visionbib.com/bibliography/motion-f737.html#TT50306}
}

@ARTICLE{SmithLoboShah_7777,
  author = {Paul Smith, Niels da Vitoria Lobo, and Mubarak Shah},
  title = {Temporal Boost for Event Recognition},
  journal = {-},
  year = {-},
  volume = {-},
  pages = {-},
  number = {-},
  address = {-},
  doi = {-},
  issn = {-},
  publisher = {-}
}

@ARTICLE{pekar2006adaptive,
  author = {Pekar, V. and Gladilin, E. and Rohr, K.},
  title = {{An adaptive irregular grid approach for 3D deformable image registration}},
  journal = {Phys. in Med. and Bio.},
  year = {2006},
  volume = {51},
  pages = {361--378},
  number = {2},
  publisher = {Citeseer}
}

@INPROCEEDINGS{PeternelLeonardis_7777,
  author = {Miha Peternel and Ale\v{s} Leonardis},
  title = {Activity Recognition via Autoregressive Prediction of Velocity Distribution},
  booktitle = {submitted to Workshop on Human Activity Recognition and Modelling
	- HAREM 2005},
  year = {2005},
  month = {September},
  location = {Oxford, UK}
}

@INPROCEEDINGS{PeursumBuiVenkateshWest_7777,
  author = {Patrick Peursum and Hung H. Bui and Svetha Venkatesh and Geoff West},
  title = {Human Action Segmentation via Controlled Use of Missing Data in HMMs},
  booktitle = {ICPR '04: Proceedings of the Pattern Recognition, 17th International
	Conference on (ICPR'04) Volume 4},
  year = {2004},
  pages = {440--445},
  address = {Washington, DC, USA},
  publisher = {IEEE Computer Society},
  doi = {http://dx.doi.org/10.1109/ICPR.2004.443},
  isbn = {0-7695-2128-2}
}

@INPROCEEDINGS{PeursumWestVenkatesh_7777,
  author = {Patrick Peursum and Geoff West and Svetha Venkatesh},
  title = {Combining Image Regions and Human Activity for Indirect Object Recognition
	in Indoor Wide-Angle Views},
  booktitle = {ICCV '05: Proceedings of the Tenth IEEE International Conference
	on Computer Vision (ICCV'05) Volume 1},
  year = {2005},
  pages = {82--89},
  address = {Washington, DC, USA},
  publisher = {IEEE Computer Society},
  doi = {http://dx.doi.org/10.1109/ICCV.2005.57},
  isbn = {0-7695-2334-X-01}
}

@ARTICLE{PiaterGrupen_2000,
  author = {Justus H. Piater and Roderic A. Grupen},
  title = {Feature Learning for Recognition with Bayesian Networks},
  journal = {ICPR},
  year = {2000},
  volume = {01},
  pages = {1017},
  isbn = {0-7695-0750-6}
}

@INPROCEEDINGS{PiciarelliAndForesti2005,
  author = {Piciarelli, C. and Foresti, G.L. and Snidaro, L.},
  title = {Trajectory clustering and its applications for video surveillance},
  booktitle = AVSBS05,
  year = {2005},
  pages = {40-45},
  bibsource = {http://www.visionbib.com/bibliography/motion-f746.html#TT57623}
}

@ARTICLE{pock2007duality,
  author = {Pock, T. and Urschler, M. and Zach, C. and Beichel, R. and Bischof,
	H.},
  title = {{A duality based algorithm for TV-$L^1$-optical-flow image registration}},
  journal = {LNCS},
  year = {2007},
  volume = {4792},
  pages = {511},
  publisher = {Springer}
}

@ARTICLE{Prokop_cvgip_1992,
  author = {Prokop, Richard J. and Reeves, Anthony P.},
  title = {A survey of moment-based techniques for unoccluded object representation
	and recognition},
  journal = {CVGIP: Graph. Models Image Process.},
  year = {1992},
  volume = {54},
  pages = {438--460},
  number = {5},
  address = {Orlando, FL, USA},
  doi = {http://dx.doi.org/10.1016/1049-9652(92)90027-U},
  issn = {1049-9652},
  publisher = {Academic Press, Inc.}
}

@ARTICLE{BodorJacksonPapanikolopoulos_7777,
  author = {R. Bodor, B. Jackson and N. Papanikolopoulos},
  title = {Vision-Based Human Tracking and Activity Recognition},
  journal = {-},
  year = {-},
  volume = {-},
  pages = {-},
  number = {-},
  address = {-},
  doi = {-},
  issn = {-},
  publisher = {-}
}

@INPROCEEDINGS{RangarajanCoughlanYuille_2003,
  author = {Anand Rangarajan and James Coughlan and Alan L. Yuille},
  title = {A Bayesian Network Framework for Relational Shape Matching},
  booktitle = {ICCV '03},
  year = {2003},
  pages = {671},
  isbn = {0-7695-1950-4}
}

@ARTICLE{rao_jain_pami_1992,
  author = {Rao, A. Ravishankar and Jain, Ramesh C.},
  title = {Computerized Flow Field Analysis: Oriented Texture Fields},
  journal = {IEEE Trans. Pattern Anal. Mach. Intell.},
  year = {1992},
  volume = {14},
  pages = {693--709},
  number = {7},
  address = {Washington, DC, USA},
  doi = {http://dx.doi.org/10.1109/34.142908},
  issn = {0162-8828},
  publisher = {IEEE Computer Society}
}

@ARTICLE{Rao_IJCV2008,
  author = {Rao, C. and Yilmaz, A. and Shah, M.},
  title = {View-Invariant Representation and Recognition of Actions},
  journal = IJCV,
  year = {2002},
  volume = {50},
  pages = {203-226},
  number = {2},
  month = {November},
  bibsource = {http://www.visionbib.com/bibliography/motion-f740.html#TT58391}
}

@INPROCEEDINGS{RenXu_7777,
  author = {Ren, H. and Xu, G.},
  title = {Human action recognition with primitive-based coupled-HMM},
  booktitle = ICPR02,
  year = {2002},
  pages = {II: 494-498},
  bibsource = {http://www.visionbib.com/bibliography/people930.html#TT67437}
}

@INPROCEEDINGS{RengMoeslundGranum_7777,
  author = {Reng, L. and Moeslund, T.B. and Granum, E.},
  title = {Finding Motion Primitives in Human Body Gestures},
  booktitle = GW05,
  year = {2005},
  pages = {133-144},
  bibsource = {http://www.visionbib.com/bibliography/people929.html#TT67382}
}

@INPROCEEDINGS{RiusVaronaGonzalezVillanueva_7777,
  author = {Ignasi Rius and Javier Varona and Jordi Gonzalez and Juan J. Villanueva},
  title = {Action Spaces for Efficient Bayesian Tracking of Human Motion},
  booktitle = {ICPR '06: Proceedings of the 18th International Conference on Pattern
	Recognition},
  year = {2006},
  pages = {472--475},
  address = {Washington, DC, USA},
  publisher = {IEEE Computer Society},
  doi = {http://dx.doi.org/10.1109/ICPR.2006.206},
  isbn = {0-7695-2521-0}
}

@ARTICLE{RizzolattiFogassiGalesse_7777,
  author = {Rizzolatti, G. and Fogassi, L. and Gallese, V. },
  title = {Neurophysiological mechanisms underlying the understanding and imitation
	of action.},
  journal = {Nat Rev Neurosci},
  year = {2001},
  volume = {2},
  pages = {661--670},
  number = {9},
  month = {September},
  address = {Istituto di Fisiologia Umana, Universitï¿½ di Parma, Via Volturno 39,
	I-43100 Parma, Italy. fisioum@symbolic.pr.it},
  citeulike-article-id = {868300},
  doi = {10.1038/35090060},
  issn = {1471-003X},
  keywords = {tom},
  priority = {2},
  url = {http://dx.doi.org/10.1038/35090060}
}

@ARTICLE{RobertsonReid_7777,
  author = {Neil Robertson and Ian Reid},
  title = {A general method for human activity recognition in video},
  journal = {Comput. Vis. Image Underst.},
  year = {2006},
  volume = {104},
  pages = {232--248},
  number = {2},
  address = {New York, NY, USA},
  doi = {http://dx.doi.org/10.1016/j.cviu.2006.07.006},
  issn = {1077-3142},
  publisher = {Elsevier Science Inc.}
}

@INPROCEEDINGS{RohChristmasKittlerLee_7777,
  author = {Myung-Cheol Roh and Bill Christmas and Joseph Kittler and Seong-Whan
	Lee},
  title = {Gesture Spotting in Low-Quality Video with Features Based on Curvature
	Scale Space},
  booktitle = {FGR '06: Proceedings of the 7th International Conference on Automatic
	Face and Gesture Recognition (FGR06)},
  year = {2006},
  pages = {375--380},
  address = {Washington, DC, USA},
  publisher = {IEEE Computer Society},
  doi = {http://dx.doi.org/10.1109/FGR.2006.59},
  isbn = {0-7695-2503-2}
}

@ARTICLE{rohde2003adaptive,
  author = {Rohde, G.K. and Aldroubi, A. and Dawant, B.M.},
  title = {{The adaptive bases algorithm for intensity-based nonrigid image
	registration}},
  journal = {IEEE Transactions on Medical Imaging},
  year = {2003},
  volume = {22},
  pages = {1470--1479},
  number = {11},
  publisher = {Citeseer}
}

@INPROCEEDINGS{BodoAndChristian2008,
  author = {Bodo Rosenhahn and Christian Schmaltz and Thomas Brox},
  title = {Markerless Motion Capture of Man-Machine Interaction},
  booktitle = {CVPR '08},
  year = {2008},
  pages = {78--88},
  isbn = {0-7695-1950-4}
}

@ARTICLE{rueckert1999nonrigid,
  author = {Rueckert, D. and Sonoda, LI and Hayes, C. and Hill, D.L.G. and Leach,
	M.O. and Hawkes, D.J.},
  title = {{Nonrigid registration using free-form deformations: application
	to breast MR images}},
  journal = {IEEE Transactions on Medical Imaging},
  year = {1999},
  volume = {18},
  pages = {712--721},
  number = {8},
  publisher = {Citeseer}
}

@INPROCEEDINGS{RyooAggarwal_7777,
  author = {M. S. Ryoo and J. K. Aggarwal},
  title = {Semantic Understanding of Continued and Recursive Human Activities},
  booktitle = {ICPR '06},
  year = {2006},
  pages = {379--382},
  isbn = {0-7695-2521-0}
}

@INPROCEEDINGS{RyooAggarwal_8888,
  author = {M. S. Ryoo and J. K. Aggarwal},
  title = {Recognition of Composite Human Activities through Context-Free Grammar
	Based Representation},
  booktitle = {CVPR '06},
  year = {2006},
  pages = {1709--1718},
  isbn = {0-7695-2597-0}
}

@CONFERENCE{salzmann-closed,
  author = {Salzmann, M. and Moreno-Noguer, F. and Lepetit, V. and Fua, P.},
  title = {{Closed-form solution to non-rigid 3d surface registration}},
  booktitle = {Proc. European Conf. on Computer Vision},
  pages = {581--594}
}

@ARTICLE{sato_hollinghurst_1995,
  author = {Sato, J. and Hollinghurst, N.J.},
  title = {Image registration using multi-scale texture moments},
  journal = {Image and Vision Computing},
  year = {1995},
  volume = {13},
  pages = {496--513},
  number = {5},
  issn = {0262-8856}
}

@ARTICLE{schelemmer_ivcg_2007,
  author = {Schlemmer, Michael and Heringer, Manuel and Morr, Florian and Hotz,
	Ingrid and Hering-Bertram, Martin and Garth, Christoph and Kollmann,
	Wolfgang and Hamann, Bernd and Hagen, Hans},
  title = {Moment Invariants for the Analysis of 2D Flow Fields},
  journal = {IEEE Transactions on Visualization and Computer Graphics},
  year = {2007},
  volume = {13},
  pages = {1743--1750},
  number = {6},
  address = {Piscataway, NJ, USA},
  doi = {http://dx.doi.org/10.1109/TVCG.2007.70579},
  issn = {1077-2626},
  publisher = {IEEE Educational Activities Department}
}

@ARTICLE{schlemmer_tvcg_2007,
  author = {Michael Schlemmer and Manuel Heringer and Florian Morr and Ingrid
	Hotz and Martin Hering-Bertram and Christoph Garth and Wolfgang Kollmann
	and Bernd Hamann and Hans Hagen},
  title = {Moment Invariants for the Analysis of 2D Flow Fields},
  journal = {IEEE Transactions on Visualization and Computer Graphics},
  year = {2007},
  volume = {13},
  pages = {1743-1750},
  number = {6},
  address = {Los Alamitos, CA, USA},
  doi = {http://doi.ieeecomputersociety.org/10.1109/TVCG.2007.70579},
  issn = {1077-2626},
  publisher = {IEEE Computer Society}
}

@INPROCEEDINGS{SchuldtLaptevCaputo_7777,
  author = {Christian Schuldt and Ivan Laptev and Barbara Caputo},
  title = {Recognizing Human Actions: A Local SVM Approach},
  booktitle = {ICPR, Vol. 3},
  year = {2004},
  pages = {32--36},
  doi = {http://dx.doi.org/10.1109/ICPR.2004.747},
  er_booktitle = {Intl. Conf. on Pattern Recognition, Vol. 3},
  isbn = {0-7695-2128-2}
}

@ARTICLE{Poggoi_7777,
  author = {Thomas Serre and Lior Wolf and Stanley Bileschi and Maximilian Riesenhuber},
  title = {Robust Object Recognition with Cortex-Like Mechanisms},
  journal = {IEEE Trans. Pattern Anal. Mach. Intell.},
  year = {2007},
  volume = {29},
  pages = {411--426},
  number = {3},
  note = {Member-Tomaso Poggio},
  address = {Washington, DC, USA},
  doi = {http://dx.doi.org/10.1109/TPAMI.2007.56},
  issn = {0162-8828},
  publisher = {IEEE Computer Society}
}

@ARTICLE{SheikhShah_7777,
  author = {Yaser Sheikh and Mubarak Shah},
  title = {Exploring the Space of an Action for Human Action Recognition},
  journal = {-},
  year = {-},
  volume = {-},
  pages = {-},
  number = {-},
  address = {-},
  doi = {-},
  issn = {-},
  publisher = {-}
}

@CONFERENCE{shepard1968two,
  author = {Shepard, D.},
  title = {{A two-dimensional interpolation function for irregularly-spaced
	data}},
  booktitle = {Proceedings of the 1968 23rd ACM national conference},
  year = {1968},
  pages = {517--524},
  organization = {ACM New York, NY, USA}
}

@ARTICLE{shi_jianbo,
  author = {Shi, Jianbo and Malik, Jitendra},
  title = {Normalized Cuts and Image Segmentation},
  journal = {IEEE Trans. Pattern Anal. Mach. Intell.},
  year = {2000},
  volume = {22},
  pages = {888--905},
  number = {8},
  address = {Washington, DC, USA},
  doi = {http://dx.doi.org/10.1109/34.868688},
  issn = {0162-8828},
  publisher = {IEEE Computer Society}
}

@INPROCEEDINGS{ShiBobickEssa_7777,
  author = {Yifan Shi and Aaron Bobick and Irfan Essa},
  title = {Learning Temporal Sequence Model from Partially Labeled Data},
  booktitle = {CVPR '06: Proceedings of the 2006 IEEE Computer Society Conference
	on Computer Vision and Pattern Recognition},
  year = {2006},
  pages = {1631--1638},
  address = {Washington, DC, USA},
  publisher = {IEEE Computer Society},
  doi = {http://dx.doi.org/10.1109/CVPR.2006.174},
  isbn = {0-7695-2597-0}
}

@ARTICLE{shu_jian_pami_1994,
  author = {Shu, C. F. and Jain, R. C.},
  title = {Vector Field Analysis for Oriented Patterns},
  journal = {IEEE Trans. Pattern Anal. Mach. Intell.},
  year = {1994},
  volume = {16},
  pages = {946--950},
  number = {9},
  address = {Washington, DC, USA},
  doi = {http://dx.doi.org/10.1109/34.310692},
  issn = {0162-8828},
  publisher = {IEEE Computer Society}
}

@INPROCEEDINGS{Sidenbladh_7777,
  author = {Hedvig Sidenbladh},
  title = {Detecting Human Motion with Support Vector Machines},
  booktitle = {ICPR '04: Proceedings of the Pattern Recognition, 17th International
	Conference on (ICPR'04) Volume 2},
  year = {2004},
  pages = {188--191},
  address = {Washington, DC, USA},
  publisher = {IEEE Computer Society},
  doi = {http://dx.doi.org/10.1109/ICPR.2004.293},
  isbn = {0-7695-2128-2}
}

@INPROCEEDINGS{SigalAndBlack06,
  author = {Leonid Sigal and Michael J. Black},
  title = {AMeasure Locally, Reason Globally: Occlusion-sensitive Articulated
	Pose Estimation},
  booktitle = CVPR06,
  year = {2006},
  pages = {I: 2041-2048}
}

@MISC{sigal03attractive,
  author = {L. Sigal and M. Isard and B. Sigelman and M. Black},
  title = {Attractive people: Assembling loose-limbed models using non-parametric
	belief propagation},
  year = {2003},
  text = {L. Sigal, M. Isard, B. Sigelman, and M. Black. Attractive people:
	Assembling loose-limbed models using non-parametric belief propagation.
	In In Proc. NIPS, 2003.},
  url = {citeseer.ist.psu.edu/sigal03attractive.html}
}

@INPROCEEDINGS{DeSilvaMadurapperumaMarasingheOsano_7777,
  author = {P. Ravindra De Silva and Ajith P. Madurapperuma and Ashu Marasinghe
	and Minetada Osano},
  title = {A Multi-agent Based Interactive System Towards Child's Emotion Performances
	Quantified Through Affective Body Gestures},
  booktitle = {ICPR '06: Proceedings of the 18th International Conference on Pattern
	Recognition},
  year = {2006},
  pages = {1236--1239},
  address = {Washington, DC, USA},
  publisher = {IEEE Computer Society},
  doi = {http://dx.doi.org/10.1109/ICPR.2006.107},
  isbn = {0-7695-2521-0}
}

@ARTICLE{SmithShahLobo_7777,
  author = {Paul Smith and Mubarak Shah and Niels da Vitoria Lobo},
  title = {Integrating multiple levels of zoom to enable activity analysis},
  journal = {Comput. Vis. Image Underst.},
  year = {2006},
  volume = {103},
  pages = {33--51},
  number = {1},
  address = {New York, NY, USA},
  doi = {http://dx.doi.org/10.1016/j.cviu.2006.02.006},
  issn = {1077-3142},
  publisher = {Elsevier Science Inc.}
}

@INPROCEEDINGS{SmithShahLobo_2004,
  author = {Paul Smith and Mubarak Shah and Niels da Vitoria Lobo},
  title = {Integrating and Employing Multiple Levels of Zoom for Activity Recognition.},
  booktitle = {CVPR (2)},
  year = {2004},
  pages = {928-935},
  bibsource = {DBLP, http://dblp.uni-trier.de},
  ee = {http://csdl.computer.org/comp/proceedings/cvpr/2004/2158/02/215820928abs.htm}
}

@ARTICLE{somphone_robust,
  author = {Somphone, O. and Makram-Ebeid, S. and Cohen, LD},
  title = {Robust image registration based on a partition of unity element method},
  booktitle = {ISBI}
}

@CONFERENCE{somphone2008prior,
  author = {Somphone, O. and Mory, B. and Makram-Ebeid, S. and Cohen, L.},
  title = {Prior-based piecewise-smooth segmentation by template competitive
	deformation using partitions of unity},
  booktitle = {ECCV},
  year = {2008},
  pages = {641},
}

@INPROCEEDINGS{Mingli_Song_ICIP2006,
  author = {Mingli Song and Huiqiong Wang},
  title = {Subtle Facial Expression Modeling with Vector Field Decomposition},
  booktitle = {ICIP2006},
  year = {2006},
  pages = {476--491},
  er_booktitle = {ICIP},
  isbn = {3-540-43745-2}
}

@ARTICLE{StaufferAndEric2000,
  author = {Chris Stauffer and W. Eric and L. Grimson},
  title = {Learning patterns of activity using real-time tracking},
  journal = {IEEE Transactions on Pattern Analysis and Machine Intelligence},
  year = {2000},
  volume = {22},
  pages = {747--757}
}

@ARTICLE{StaufferGrimson_7777,
  author = {Chris Stauffer and W. Eric L. Grimson},
  title = {Learning Patterns of Activity Using Real-Time Tracking},
  journal = {IEEE Trans. Pattern Anal. Mach. Intell.},
  year = {2000},
  volume = {22},
  pages = {747--757},
  number = {8},
  address = {Washington, DC, USA},
  doi = {http://dx.doi.org/10.1109/34.868677},
  issn = {0162-8828},
  publisher = {IEEE Computer Society}
}

@INPROCEEDINGS{sun_deqing_eccv2008,
  author = {Sun, Deqing and Roth, Stefan and Lewis, J. P. and Black, Michael
	J.},
  title = {Learning Optical Flow},
  booktitle = {ECCV '08: Proceedings of the 10th European Conference on Computer
	Vision},
  year = {2008},
  pages = {83--97},
  address = {Berlin, Heidelberg},
  publisher = {Springer-Verlag},
  doi = {http://dx.doi.org/10.1007/978-3-540-88690-7_7},
  isbn = {978-3-540-88689-1},
  location = {Marseille, France}
}

@INPROCEEDINGS{SunAndZhang2005,
  author = {Sun, J. and Zhang, W.W. and Tang, X. and Shum, H.Y.},
  title = {Bi-Directional Tracking Using Trajectory Segment Analysis},
  booktitle = ICCV05,
  year = {2005},
  pages = {I: 717-724},
  bibsource = {http://www.visionbib.com/bibliography/motion-f705.html#TT53784}
}

@ARTICLE{taylor2008solving,
  author = {Taylor, C.J. and Bhusnurmath, A.},
  title = {{Solving Image Registration Problems Using Interior Point Methods}},
  journal = {Lab Papers (GRASP)},
  year = {2008},
  pages = {48},
  publisher = {Springer}
}

@ARTICLE{teague_zernike_1980,
  author = {Teague, M. R.},
  title = {Image analysis via the general theory of moments},
  journal = {Journal of the Optical Society of America (1917-1983)},
  year = {1980},
  volume = {70},
  pages = {920--930},
  month = {August},
  abstract = {Two-dimensional image moments with respect to Zernike polynomials
	are defined, and it is shown how to construct an arbitrarily large
	number of independent, algebraic combinations of Zernike moments
	that are invariant to image translation, orientation, and size. This
	approach is contrasted with the usual method of moments. The general
	problem of two-dimensional pattern recognition and three-dimensional
	object recognition is discussed within this framework. A unique reconstruction
	of an image in either real space or Fourier space is given in terms
	of a finite number of moments. Examples of applications of the method
	are given. A coding scheme for image storage and retrieval is discussed.},
  citeulike-article-id = {1691047},
  citeulike-linkout-0 = {http://adsabs.harvard.edu/cgi-bin/nph-bib_query?bibcode=1980JOSA...70..920T},
  citeulike-linkout-1 = {http://www.opticsinfobase.org/viewmedia.cfm?id=57703&#38;seq=0},
  keywords = {imageprocessing, moments, thesis, vision},
  posted-at = {2007-09-25 01:37:09},
  priority = {2},
  url = {http://adsabs.harvard.edu/cgi-bin/nph-bib_query?bibcode=1980JOSA...70..920T}
}

@ARTICLE{teh_cho_huak_PAMI1988,
  author = {Teh, Cho-Huak and Chin, Roland T.},
  title = {On Image Analysis by the Methods of Moments},
  journal = {IEEE Trans. Pattern Anal. Mach. Intell.},
  year = {1988},
  volume = {10},
  pages = {496--513},
  number = {4},
  address = {Washington, DC, USA},
  doi = {http://dx.doi.org/10.1109/34.3913},
  issn = {0162-8828},
  publisher = {IEEE Computer Society}
}

@ARTICLE{thirion1998image,
  author = {Thirion, J.P.},
  title = {{Image matching as a diffusion process: an analogy with Maxwell's
	demons}},
  journal = {Medical Image Analysis},
  year = {1998},
  volume = {2},
  pages = {243--260},
  number = {3},
  publisher = {Elsevier}
}

@ARTICLE{2009diffeomorphic,
  author = {Vercauteren, T. and Pennec, X. and Perchant, A. and Ayache, N.},
  title = {{Diffeomorphic demons: Efficient non-parametric image registration}},
  journal = {NeuroImage},
  year = {2009},
  volume = {45},
  pages = {61--72},
  number = {1S1},
  publisher = {Elsevier}
}

@ARTICLE{VicenteKragic_7777,
  author = {I. S. Vicente and D. Kragic },
  title = {Learning and Recognition of Object Manipulation Actions Using Linear
	and Nonlinear Dimensionality Reduction},
  journal = {-},
  year = {-},
  volume = {-},
  pages = {-},
  number = {-},
  address = {-},
  doi = {-},
  issn = {-},
  publisher = {-}
}

@MISC{ViolaJones_2001,
  author = {P. Viola and M. Jones},
  title = {Rapid object detection using a boosted cascade of simple features},
  year = {2001},
  text = {Paul Viola and Michael Jones. Rapid object detection using a boosted
	cascade of simple features. In CVPR, 2001.},
  url = {citeseer.ist.psu.edu/viola01rapid.html}
}

@MISC{ViolaJones_7777,
  author = {P. Viola and M. Jones},
  title = {Rapid object detection using a boosted cascade of simple features},
  year = {2001},
  text = {Paul Viola and Michael Jones. Rapid object detection using a boosted
	cascade of simple features. In CVPR, 2001.},
  url = {citeseer.ist.psu.edu/viola01rapid.html}
}

@ARTICLE{ViolaJonesSnow_7777,
  author = {Paul Viola and Michael J. Jones and Daniel Snow},
  title = {Detecting Pedestrians Using Patterns of Motion and Appearance},
  journal = {Int. J. Comput. Vision},
  year = {2005},
  volume = {63},
  pages = {153--161},
  number = {2},
  address = {Hingham, MA, USA},
  doi = {http://dx.doi.org/10.1007/s11263-005-6644-8},
  issn = {0920-5691},
  publisher = {Kluwer Academic Publishers}
}

@INPROCEEDINGS{VondrakAndSigal2008,
  author = {Marek Vondrak and Leonid Sigal and Odest Chadwicke Jenkins},
  title = {Physical Simulation for Probabilistic Motion Tracking},
  booktitle = {CVPR '08},
  year = {2008},
  pages = {78--88},
  isbn = {0-7695-1950-4}
}

@ARTICLE{WangTanNingHu_7777,
  author = {Liang Wang and Tieniu Tan and Huazhong Ning and Weiming Hu},
  title = {Silhouette Analysis-Based Gait Recognition for Human Identification},
  journal = {IEEE Trans. Pattern Anal. Mach. Intell.},
  year = {2003},
  volume = {25},
  pages = {1505--1518},
  number = {12},
  address = {Washington, DC, USA},
  doi = {http://dx.doi.org/10.1109/TPAMI.2003.1251144},
  issn = {0162-8828},
  publisher = {IEEE Computer Society}
}

@CONFERENCE{wang2008meshless,
  author = {Wang, X. and Metaxas, D. and Chen, T. and Axel, L.},
  title = {{Meshless deformable models for LV motion analysis}},
  booktitle = {CVPR},
  year = {2008},
  pages = {1--8}
}

@INPROCEEDINGS{WangAndTieu,
  author = {Wang, X.G. and Tieu, K. and Grimson, W.E.L.},
  title = {Learning Semantic Scene Models by Trajectory Analysis},
  booktitle = ECCV06,
  year = {2006},
  pages = {III: 110-123},
  bibsource = {http://www.visionbib.com/bibliography/motion-i761.html#TT59781}
}

@INPROCEEDINGS{WangJiangDrewLiMori_7777,
  author = {Yang Wang and Hao Jiang and Mark S. Drew and Ze-Nian Li and Greg
	Mori},
  title = {Unsupervised Discovery of Action Classes},
  booktitle = {CVPR},
  year = {2006},
  pages = {1654--1661},
  doi = {http://dx.doi.org/10.1109/CVPR.2006.321},
  er_booktitle = {Intl. Conf. on Computer Vision and Pattern Recognition},
  isbn = {0-7695-2597-0}
}

@INPROCEEDINGS{Wedel09,
  author = {A. Wedel and D. Cremers and T. Pock and H. Bischof},
  title = {Structure- and Motion-adaptive Regularization for High Accuracy Optic
	Flow},
  booktitle = {ICCV},
  year = {2009},
  address = {Kyoto, Japan}
}

@INCOLLECTION{Joachim_Bruhn_2008,
  author = {Weickert, Joachim and Bruhn, Andr\'{e}s and Brox, Thomas and Papenberg,
	Nils},
  title = {A Survey on Variational Optic Flow Methods for Small Displacements},
  year = {2006},
  pages = {103--136},
  citeulike-article-id = {3276625},
  citeulike-linkout-0 = {http://dx.doi.org/10.1007/978-3-540-34767-5_5},
  doi = {10.1007/978-3-540-34767-5_5},
  journal = {Mathematical Models for Registration and Applications to Medical
	Imaging},
  keywords = {optical-flow, thesis},
  posted-at = {2008-09-16 23:20:14},
  priority = {2},
  url = {http://dx.doi.org/10.1007/978-3-540-34767-5_5}
}

@ARTICLE{Weidner_Peter_Durand_Kerner,
  author = {Weidner, Peter},
  title = {The Durand-Kerner method for trigonometric and exponential polynomials},
  journal = {Computing},
  year = {1988},
  volume = {40},
  pages = {175--179},
  number = {2},
  address = {New York, NY, USA},
  doi = {http://dx.doi.org/10.1007/BF02247945},
  issn = {0010-485X},
  publisher = {Springer-Verlag New York, Inc.}
}

@ARTICLE{WeinlandRonfardBoyer_7777,
  author = {Weinland, Daniel and Ronfard, Remi and Boyer, Edmond},
  title = {Motion History Volumes for Free Viewpoint Action Recognition},
  year = {2005},
  booktitle = {International Workshop on Modeling People and Human Interaction},
  url = {http://perception.inrialpes.fr/Publications/2005/WRB05}
}

@ARTICLE{Weiss2001,
  author = {Isaac Weiss and Manjit Ray},
  title = {Model-Based Recognition of 3D Objects from Single Images},
  journal = {IEEE Transactions on Pattern Analysis and Machine Intelligence},
  year = {2001},
  volume = {23},
  pages = {116-128},
  number = {2},
  address = {Los Alamitos, CA, USA},
  doi = {http://doi.ieeecomputersociety.org/10.1109/34.908963},
  issn = {0162-8828},
  publisher = {IEEE Computer Society}
}

@INPROCEEDINGS{Werlberger2009a,
  author = {Manuel Werlberger and Werner Trobin and Thomas Pock and Andreas Wedel
	and Daniel Cremers and Horst Bischof},
  title = {Anisotropic Huber-L1 Optical Flow},
  booktitle = {BMVC},
  year = {2009},
  address = {London, UK},
  month = {September},
  note = {to appear},
  url = {http://gpu4vision.icg.tugraz.at/papers/2009/werlberger_bmvc2009.pdf}
}

@INPROCEEDINGS{WongKimCipolla_7777,
  author = {Wong, S.-F. and Kim, T.-K. and Cipolla, R.},
  title = {Learning Motion Categories using both Semantic and Structural Information},
  booktitle = {CVPR},
  year = {2007},
  address = {Minneapolis, USA},
  month = {June},
  er_booktitle = {Intl. Conf. on Computer Vision and Pattern Recognition}
}

@ARTICLE{woo2009non,
  author = {Woo, J. and Hong, B.W. and Hu, C.H. and Shung, K.K. and Kuo, C.C.J.
	and Slomka, P.J.},
  title = {{Non-rigid ultrasound image registration based on intensity and local
	phase information}},
  journal = {Journal of Signal Processing Systems},
  year = {2009},
  volume = {54},
  pages = {33--43},
  number = {1},
  publisher = {Springer}
}

@ARTICLE{WorthingtonAndHancock_2001,
  author = {Philip L. Worthington and Edwin R. Hancock},
  title = {Object Recognition Using Shape-from-Shading},
  journal = {IEEE Trans. Pattern Anal. Mach. Intell.},
  year = {2001},
  volume = {23},
  pages = {535--542},
  number = {5},
  address = {Washington, DC, USA},
  doi = {http://dx.doi.org/10.1109/34.922711},
  issn = {0162-8828},
  publisher = {IEEE Computer Society}
}

@INPROCEEDINGS{WuOsuntogunChoudhuryPhiliposeRehg_2007,
  author = {J. Wu and A. Osuntogun and T. Choudhury and M. Philipose and J. Rehg},
  title = {A Scalable Approach to Activity Recognition Based on Object Use},
  booktitle = {ICCV07},
  year = {2007}
}

@MISC{WuRehnMullin_7777,
  author = {J. Wu and J. Rehg and M. Mullin},
  title = {Learning a Rare Event Detection Cascade by Direct Feature Selection},
  year = {2004},
  text = {Wu, J., Rehg, J.M., Mullin, M.D.: Learning a Rare Event Detection
	Cascade by Direct Feature Selection. In: Advances in Neural Information
	Processing Systems 16 (2004)},
  url = {citeseer.ist.psu.edu/wu03learning.html}
}

@ARTICLE{XiangGong_9999,
  author = {T. Xiang and S. Gong},
  title = {Incremental Visual Behaviour Modeling},
  journal = {-},
  year = {-},
  volume = {-},
  pages = {-},
  number = {-},
  address = {-},
  doi = {-},
  issn = {-},
  publisher = {-}
}

@ARTICLE{XiangGong_7777,
  author = {Tao Xiang and Shaogang Gong},
  title = {Beyond Tracking: Modelling Activity and Understanding Behaviour},
  journal = {Int. J. Comput. Vision},
  year = {2006},
  volume = {67},
  pages = {21--51},
  number = {1},
  address = {Hingham, MA, USA},
  doi = {http://dx.doi.org/10.1007/s11263-006-4329-6},
  issn = {0920-5691},
  publisher = {Kluwer Academic Publishers}
}

@INPROCEEDINGS{XiangGong_8888,
  author = {Tao Xiang and Shaogang Gong},
  title = {Video Behaviour Profiling and Abnormality Detection without Manual
	Labelling},
  booktitle = {Intl. Conf. on Computer Vision},
  year = {2005},
  pages = {1238--1245},
  address = {Washington, DC, USA},
  publisher = {IEEE Computer Society},
  doi = {http://dx.doi.org/10.1109/ICCV.2005.248},
  isbn = {0-7695-2334-X-02}
}

@INPROCEEDINGS{XiangGong_0000,
  author = {Xiang, T. and Gong, S.},
  title = {Activity Based Video Content Trajectory Representation and Segmentation},
  booktitle = BMVC04,
  year = {2004},
  pages = {xx-yy},
  bibsource = {http://www.visionbib.com/bibliography/applicat822.html#TT58673}
}

@INPROCEEDINGS{XiangGongParkinson_7777,
  author = {Xiang, T. and Gong, S. and Parkinson, D.},
  title = {Autonomous Visual Events Detection and Classification without Explicit
	Object-Centred Segmentation and Tracking},
  booktitle = BMVC02,
  year = {2002},
  pages = {Poster Session},
  bibsource = {http://www.visionbib.com/bibliography/motion-f728.html#TT49542}
}

@INPROCEEDINGS{XuChang_2007,
  author = {Xu, D. and Chang, S.F.},
  title = {Visual Event Recognition in News Video using Kernel Methods with
	Multi-Level Temporal Alignment},
  booktitle = CVPR07,
  year = {2007},
  pages = {1-8},
  bibsource = {http://www.visionbib.com/bibliography/other1026.html#TT77046}
}

@INPROCEEDINGS{Liefei_Xu_CVPR2009,
  author = {Liefei Xu and H. Quynh Dinh},
  title = {A Distribution-Based Approach to Tracking Points in Velocity Vector
	Fields},
  booktitle = {CVPR2009},
  year = {2009},
  pages = {476--491},
  er_booktitle = {CVPR},
  isbn = {3-540-43745-2}
}

@ARTICLE{Black_1998,
  author = {Yaser Yacoob and Michael J. Black},
  title = {Parameterized modeling and recognition of activities},
  journal = {Comput. Vis. Image Underst.},
  year = {1999},
  volume = {73},
  pages = {232--247},
  number = {2},
  address = {New York, NY, USA},
  doi = {http://dx.doi.org/10.1006/cviu.1998.0726},
  issn = {1077-3142},
  publisher = {Elsevier Science Inc.}
}

@INPROCEEDINGS{YamamotoMitomiFujiwaraSato_7777,
  author = {Masanobu Yamamoto and Humikazu Mitomi and Fuyuki Fujiwara and Taisuke
	Sato},
  title = {Bayesian Classification of Task-Oriented Actions Based on Stochastic
	Context-Free Grammar},
  booktitle = {FGR '06: Proceedings of the 7th International Conference on Automatic
	Face and Gesture Recognition (FGR06)},
  year = {2006},
  pages = {317--323},
  address = {Washington, DC, USA},
  publisher = {IEEE Computer Society},
  doi = {http://dx.doi.org/10.1109/FGR.2006.28},
  isbn = {0-7695-2503-2}
}

@INPROCEEDINGS{YanAndKhan2008,
  author = {Pingkun Yan and Saad M. Khan and Mubarak Shah},
  title = {Learning 4D Action Feature Models for Arbitrary View Action Recognition},
  booktitle = {CVPR '08},
  year = {2008},
  pages = {78--88},
  isbn = {0-7695-1950-4}
}

@INPROCEEDINGS{YazdiBranzanAlbuBergevin_7777,
  author = {Mehran Yazdi and Alexandra Branzan Albu and Robert Bergevin},
  title = {Morphological Analysis of Spatio-Temporal Patterns for the Segmentation
	of Cyclic Human Activities},
  booktitle = {ICPR '04: Proceedings of the Pattern Recognition, 17th International
	Conference on (ICPR'04) Volume 4},
  year = {2004},
  pages = {240--243},
  address = {Washington, DC, USA},
  publisher = {IEEE Computer Society},
  doi = {http://dx.doi.org/10.1109/ICPR.2004.583},
  isbn = {0-7695-2128-2}
}

@ARTICLE{YilmazAndShah2,
  author = {Yilmaz, A. and Shah, M.},
  title = {A differential geometric approach to representing the human actions},
  journal = CVIU,
  year = {2008},
  volume = {109},
  pages = {335-351},
  number = {3},
  month = {March},
  bibsource = {http://www.visionbib.com/bibliography/motion-f740.html#TT56399}
}

@INPROCEEDINGS{Yilmaz2005,
  author = {Yilmaz, A. and Shah, M.},
  title = {Recognizing Human Actions in Videos Acquired by Uncalibrated Moving
	Cameras},
  booktitle = ICCV05,
  year = {2005},
  pages = {I: 150-157},
  bibsource = {http://www.visionbib.com/bibliography/motion-f740.html#TT57136}
}

@INPROCEEDINGS{YilmazAndShah1,
  author = {Yilmaz, A. and Shah, M.},
  title = {Actions Sketch: A Novel Action Representation},
  booktitle = CVPR05,
  year = {2005},
  pages = {I: 984-989},
  bibsource = {http://www.visionbib.com/bibliography/motion-f740.html#TT56398}
}

@ARTICLE{Yu_PAMI2008,
  author = {Yu, Jie and Amores, J. and Sebe, N. and Radeva, P. and Tian, Qi },
  title = {Distance Learning for Similarity Estimation},
  journal = {Pattern Analysis and Machine Intelligence, IEEE Transactions on},
  year = {2008},
  volume = {30},
  pages = {451--462},
  number = {3},
  abstract = {In this paper, we present a general guideline to find a better distance
	measure for similarity estimation based on statistical analysis of
	distribution models and distance functions. A new set of distance
	measures are derived from the harmonic distance, the geometric distance,
	and their generalized variants according to the maximum likelihood
	theory. These measures can provide a more accurate feature model
	than the classical euclidean and Manhattan distances. We also find
	that the feature elements are often from heterogeneous sources that
	may have different influence on similarity estimation. Therefore,
	the assumption of single isotropic distribution model is often inappropriate.
	To alleviate this problem, we use a boosted distance measure framework
	that finds multiple distance measures, which fit the distribution
	of selected feature elements best for accurate similarity estimation.
	The new distance measures for similarity estimation are tested on
	two applications: stereo matching and motion tracking in video sequences.
	The performance of boosted distance measure is further evaluated
	on several benchmark data sets from the UCI repository and two image
	retrieval applications. In all the experiments, robust results are
	obtained based on the proposed methods.},
  booktitle = {Pattern Analysis and Machine Intelligence, IEEE Transactions on},
  citeulike-article-id = {2640935},
  doi = {http://dx.doi.org/10.1109/TPAMI.2007.70714},
  keywords = {distance, similarity},
  posted-at = {2008-04-13 19:12:56},
  priority = {5},
  url = {http://dx.doi.org/10.1109/TPAMI.2007.70714}
}

@ARTICLE{yuan_jing_2007,
  author = {Yuan, Jing and Sch\"{o}rr, Christoph and Steidl, Gabriele},
  title = {Simultaneous Higher-Order Optical Flow Estimation and Decomposition},
  journal = {SIAM J. Sci. Comput.},
  year = {2007},
  volume = {29},
  pages = {2283--2304},
  number = {6},
  address = {Philadelphia, PA, USA},
  doi = {http://dx.doi.org/10.1137/060660709},
  issn = {1064-8275},
  publisher = {Society for Industrial and Applied Mathematics}
}

@ARTICLE{ZelnikManorIrani_7777,
  author = {Lihi Zelnik-Manor},
  title = {Statistical Analysis of Dynamic Actions},
  journal = {IEEE Trans. Patttern Anal. Mach. Intell.},
  year = {2006},
  volume = {28},
  pages = {1530--1535},
  number = {9},
  note = {Member-Michal Irani},
  address = {Washington, DC, USA},
  doi = {http://dx.doi.org/10.1109/TPAMI.2006.194},
  issn = {0162-8828},
  publisher = {IEEE Computer Society}
}

@ARTICLE{McCowanGaticaPerezBengioLathoudBarnardZhang_7777,
  author = {Dong Zhang},
  title = {Automatic Analysis of Multimodal Group Actions in Meetings},
  journal = {IEEE Trans. Pattern Anal. Mach. Intell.},
  year = {2005},
  volume = {27},
  pages = {305--317},
  number = {3},
  note = {Member-Iain McCowan and Member-Daniel Gatica-Perez and Member-Samy
	Bengio and Student Member-Guillaume Lathoud and Student Member-Mark
	Barnard},
  address = {Washington, DC, USA},
  doi = {http://dx.doi.org/10.1109/TPAMI.2005.49},
  issn = {0162-8828},
  publisher = {IEEE Computer Society}
}

@CONFERENCE{zhang2000model,
  author = {Zhang, Y. and Goldgof, D. and Sarkar, S. and Tsap, L.},
  title = {{Model-based nonrigid motion analysis using natural feature adaptive	mesh}},
  booktitle = {ICPR},
  year = {2000},
  volume = {15},
  pages = {831--835}
}

@INPROCEEDINGS{ZhangHuangTan_7777,
  author = {Zhang Zhang and Kaiqi Huang and Tieniu Tan},
  title = {Comparison of Similarity Measures for Trajectory Clustering in Outdoor
	Surveillance Scenes},
  booktitle = ICPR,
  year = {2006},
  pages = {1135--1138},
  address = {Washington, DC, USA},
  publisher = {IEEE Computer Society},
  doi = {http://dx.doi.org/10.1109/ICPR.2006.392},
  isbn = {0-7695-2521-0}
}

@INPROCEEDINGS{ZhuXuHuangGao_7777,
  author = {Zhu, G. and Xu, C. and Huang, Q. and Gao, W.},
  title = {Action Recognition in Broadcast Tennis Video},
  booktitle = ICPR06,
  year = {2006},
  pages = {I: 251-254},
  bibsource = {http://www.visionbib.com/bibliography/motion-f744.html#TT50942}
}

@CONFERENCE{zhuang2007volumetric,
  author = {Zhuang, L. and Liu, H. and Bao, H. and Shi, P.},
  title = {{Volumetric meshfree framework for joint segmentation and motion
	tracking of the left ventricle.}},
  booktitle = {4th IEEE International Symposium on Biomedical Imaging: From Nano
	to Macro, 2007. ISBI 2007},
  year = {2007},
  pages = {396--399}
}

@INPROCEEDINGS{ZimmerBWVSRS09,
  author = {Henning Zimmer and Andrï¿½s Bruhn and Joachim Weickert and Levi Valgaerts
	and Agustï¿½n Salgado and Bodo Rosenhahn and Hans-Peter Seidel},
  title = {Complementary Optic Flow.},
  booktitle = {EMMCVPR},
  year = {2009},
  volume = {5681},
  series = {LNCS},
  pages = {207-220},
  publisher = {Springer},
  date = {2009-08-20},
  isbn = {978-3-642-03640-8},
  keywords = {dblp}
}

@ARTICLE{zitova_ivc_survey_2003,
  author = {Zitova, B.},
  title = {Image registration methods: a survey},
  journal = {Image and Vision Computing},
  year = {2003},
  volume = {21},
  pages = {977--1000},
  number = {11},
  month = {October},
  abstract = {This paper aims to present a review of recent as well as classic image
	registration methods. Image registration is the process of overlaying
	images (two or more) of the same scene taken at different times,
	from different viewpoints, and/or by different sensors. The registration
	geometrically align two images (the reference and sensed images).
	The reviewed approaches are classified according to their nature
	( area-based and feature-based ) and according to four basic steps
	of image registration procedure: feature detection , feature matching
	, mapping function design , and image transformation and resampling
	. Main contributions, advantages, and drawbacks of the methods are
	mentioned in the paper. Problematic issues of image registration
	and outlook for the future research are discussed too. The major
	goal of the paper is to provide a comprehensive reference source
	for the researchers involved in image registration, regardless of
	particular application areas.},
  citeulike-article-id = {494149},
  citeulike-linkout-0 = {http://dx.doi.org/10.1016/S0262-8856(03)00137-9},
  citeulike-linkout-1 = {http://linkinghub.elsevier.com/retrieve/pii/S0262-8856(03)00137-9},
  citeulike-linkout-2 = {http://www.sciencedirect.com/science/article/B6V09-49D25S6-3/2/b95e1823beee3564404b565b95dc8770},
  doi = {10.1016/S0262-8856(03)00137-9},
  issn = {02628856},
  keywords = {registration, survey},
  posted-at = {2006-02-06 09:43:23},
  priority = {2},
  url = {http://dx.doi.org/10.1016/S0262-8856(03)00137-9}
}

@INPROCEEDINGS{ZouBhanu_7777,
  author = {Xiaotao Zou and Bir Bhanu},
  title = {Human Activity Classification Based on Gait Energy Image and Coevolutionary
	Genetic Programming},
  booktitle = {ICPR '06: Proceedings of the 18th International Conference on Pattern
	Recognition},
  year = {2006},
  pages = {556--559},
  address = {Washington, DC, USA},
  publisher = {IEEE Computer Society},
  doi = {http://dx.doi.org/10.1109/ICPR.2006.633},
  isbn = {0-7695-2521-0}
}

@ARTICLE{,
  owner = {lwei},
  timestamp = {2010.03.02}
}

@ARTICLE{HanBhanu_7777,
  title = {Individual Recognition Using Gait Energy Image},
  journal = {IEEE Trans. Pattern Anal. Mach. Intell.},
  year = {2006},
  volume = {28},
  pages = {316--322},
  number = {2},
  note = {Student Member-Ju Han and Fellow-Bir Bhanu},
  address = {Washington, DC, USA},
  doi = {http://dx.doi.org/10.1109/TPAMI.2006.38},
  issn = {0162-8828},
  publisher = {IEEE Computer Society}
}

