@ARTICLE{endres_js_divergence,
author={Endres, D.M. and Schindelin, J.E.},
journal={Information Theory, IEEE Transactions on}, title={A new metric for probability distributions},
year={2003},
month={july},
volume={49},
number={7},
pages={ 1858 - 1860},
keywords={ Bayesian interpretation; Jensen-Shannon divergence; asymptotic approximation; bounded information-theoretically motivated metric; capacitory discrimination; probability distributions; square root; chi;2 distance; Bayes methods; information theory; probability;},
doi={10.1109/TIT.2003.813506},
ISSN={0018-9448},}


@ARTICLE{wang_vemuri_js_divergence, 
author={Wang, F. and Vemuri, B.C. and Rangarajan, A. and Eisenschenk, S.J.}, 
journal={Pattern Analysis and Machine Intelligence, IEEE Transactions on}, title={Simultaneous Nonrigid Registration of Multiple Point Sets and Atlas Construction}, 
year={2008}, 
month={nov. }, 
volume={30}, 
number={11}, 
pages={2011 -2022}, 
keywords={Gaussian densities finite mixtures;Jensen-Shannon divergence;atlas construction;groupwise registration;multiple point sets;multiple unlabeled point sets;probability density function;simultaneous nonrigid registration;Gaussian processes;computer vision;image registration;Artificial Intelligence;Database Management Systems;Databases, Factual;Image Enhancement;Image Interpretation, Computer-Assisted;Information Storage and Retrieval;Pattern Recognition, Automated;}, 
doi={10.1109/TPAMI.2007.70829}, 
ISSN={0162-8828},}

@ARTICLE{peyrat_multichannel_demons, 
author={Peyrat, J.-M. and Delingette, H. and Sermesant, M. and Chenyang Xu and Ayache, N.}, 
journal={Medical Imaging, IEEE Transactions on}, title={Registration of 4D Cardiac CT Sequences Under Trajectory Constraints With Multichannel Diffeomorphic Demons}, 
year={2010}, 
month={july }, 
volume={29}, 
number={7}, 
pages={1351 -1368}, 
keywords={3D image multichannel registration;4D cardiac CT sequences;4D nonlinear spatiotemporal registration;4D spatial registration;4D temporal registration;4D time-series;atrial fibrillation;cardiac cycle;cardiac function;computation times;computed tomography;homologous point mapping;intersequence spatial transformations;left ventricular hypertrophy regression;mapping physiological states;motion displacement field;multichannel diffeomorphic demons;physiologically realistic electromechanical cardiac model;point trajectories;radiofrequency ablation;spatial regularization;spatial smoothness;temporal regularization;temporal smoothness;trajectory constraints;vector-valued 3D images;blood vessels;cardiology;computerised tomography;diseases;image registration;image sequences;medical image processing;physiological models;regression analysis;spatiotemporal phenomena;}, 
doi={10.1109/TMI.2009.2038908}, 
ISSN={0278-0062},}

@article{Wu20111968,
title = "SharpMean: Groupwise registration guided by sharp mean image and tree-based registration",
journal = "NeuroImage",
volume = "56",
number = "4",
pages = "1968 - 1981",
year = "2011",
note = "",
issn = "1053-8119",
doi = "DOI: 10.1016/j.neuroimage.2011.03.050",
url = "http://www.sciencedirect.com/science/article/pii/S1053811911003284",
author = "Guorong Wu and Hongjun Jia and Qian Wang and Dinggang Shen",
keywords = "Groupwise registration",
keywords = "Sharp mean",
keywords = "Tree-based registration"
}

@article{Vercauteren2009S61,
title = "Diffeomorphic demons: Efficient non-parametric image registration",
journal = "NeuroImage",
volume = "45",
number = "1, Supplement 1",
pages = "S61 - S72",
year = "2009",
note = "Mathematics in Brain Imaging",
issn = "1053-8119",
doi = "DOI: 10.1016/j.neuroimage.2008.10.040",
url = "http://www.sciencedirect.com/science/article/pii/S1053811908011683",
author = "Tom Vercauteren and Xavier Pennec and Aymeric Perchant and Nicholas Ayache"
}

